3214 4942
654 354 864 416 -.43-

257 540 362 621 Atque
385 539 429 605 ibi
451 539 521 606 fieri
544 541 576 605 id
599 539 633 604 in
649 541 799 604 honorem
817 539 944 606 Cereris
961 539 1110 622 legimus.
1150 541 1228 606 llam
1245 545 1352 608 autem

167 649 253 729 (sive
269 650 473 731 Tellureml¹t
496 651 655 717 celebrari
676 651 709 716 in
733 651 856 733 nuptiis
874 650 977 718 Servii
1000 650 1217 734 interpolator
1239 653 1281 718 ad
1298 652 1352 735 ΙΙΙ,

173 763 230 825 166
253 762 365 828 tradit.
406 763 475 841 Qua
498 781 533 828 re
556 763 666 828 neseio
689 781 730 827 an
754 762 782 828 is
806 781 933 844 quoque
949 762 1147 828 scholiastae
1162 765 1253 829 loeus
1269 764 1353 829 deri·

166 876 265 939 vatus
288 872 333 938 sit
356 893 374 939 e
393 873 545 939 Varrone.

256 984 392 1050 Praeter
414 984 503 1050 Paul.
527 1004 556 1066 p.
575 987 593 1048 2
617 991 651 1049 et
667 987 718 1068 87,
742 1005 821 1066 quos
844 985 932 1051 locos
957 985 1049 1051 Thilo
1073 1005 1199 1068 quoque
1221 985 1352 1068 adtulit,

169 1093 317 1160 Verrium
340 1096 422 1162 haee
445 1116 485 1162 ex
508 1097 619 1162 eodem
646 1102 780 1162 auctore
809 1099 989 1162 mutuatum
1023 1115 1097 1162 esse
1125 1097 1244 1163 collato
1269 1097 1352 1164 Chu-

165 1203 246 1271 risio
270 1211 359 1288 puto.

253 1316 344 1383 Fest.
370 1338 400 1400 p.
422 1323 566 1401 staur
604 1323 648 1397 (=
665 1317 756 1384 Paul.
780 1339 810 1400 p.
827 1321 924 1392 tlt).
967 1319 1130 1385 »Potrimi
1160 1326 1188 1385 et
1208 1319 1353 1385 matrimi

157 1429 258 1511 pmeri
275 1430 469 1511 praeteristi
492 1436 553 1496 tres
574 1432 739 1496 nubentem
761 1413 934 1512 dedorunt·
956 1453 1049 1512 omos,
1066 1431 1122 1514 qui
1135 1431 1246 1515 focem
1258 1452 1353 1514 proe-

161 1540 227 1620 fert
260 1563 298 1606 err
330 1541 429 1624 opimo
459 1541 544 1624 albo,
579 1541 659 1624 quio
681 1549 773 1607 morto
798 1544 976 1624 mrtbebomt,
998 1544 1069 1624 due,
1094 1542 1150 1624 qui
1172 1549 1276 1608 terrent
1295 1565 1352 1607 mm·

164 1654 314 1718 tentem«
328 1651 353 1726 2)

254 1762 398 1846 Servius
433 1783 504 1829 eum
538 1762 680 1829 eiusdem
714 1761 812 1829 moris
846 1763 933 1829 inter
963 1762 1144 1845 complures
1167 1763 1251 1830 alios
1273 1783 1353 1846 nup·

165 1873 286 1940 tiarum
310 1875 394 1940 ritus
419 1875 460 1939 ad
483 1876 542 1940 eol.
560 1874 637 1955 Vlll,
653 1877 693 1938 29
717 1874 912 1940 mentionem
935 1874 1045 1958 infert,
1074 1873 1231 1940 Varronis
1256 1875 1352 1940 Aetia

166 1985 290 2050 laudat.
340 1987 466 2052 »Varro
488 1987 525 2052 im
548 1986 653 2052 Astiis
676 1986 754 2052 dicit
780 1984 951 2069 [spumas]
984 1987 1055 2052 ideo
1082 1987 1177 2071 foces
1206 1986 1348 2070 praeire,

171 2099 251 2178 quod
273 2103 370 2163 omteo
391 2120 456 2164 mom
478 2099 545 2163 misi
562 2104 763 2181 pernoctem
784 2100 933 2164 nubentes
955 2100 1149 2164 dmeebomtm
1172 2120 1193 2163 a
1214 2098 1351 2180 spumis.

177 2209 258 2289 Quos
287 2209 383 2273 etium
417 2209 488 2275 ideo
522 2210 570 2274 oit
603 2209 700 2274 limem
733 2231 797 2274 mom
830 2217 969 2293 tonuere,
1002 2232 1042 2276 me
1070 2233 1091 2274 o
1113 2210 1282 2293 saerilepio
1305 2211 1352 2276 irt-

171 2319 326 2402 riooremt,
360 2321 390 2386 si
423 2319 624 2403 depositariae
652 2319 871 2403 eirpimitotem
899 2321 1018 2386 eoteemt
1049 2343 1115 2386 rem
1143 2321 1262 2403 Vestae,
1287 2321 1308 2387 i.
1326 2344 1351 2388 e.

166 2431 296 2496 rrumimi
330 2431 522 2513 castissimo,
558 2438 780 2497 eomseerotom.
839 2432 931 2498 Idem
959 2433 1062 2498 Varro
1095 2435 1352 2515 sporpemdormm

165 2563 284 2608 mumrm
306 2543 391 2608 home
423 2542 502 2609 dicit
533 2565 597 2608 esse
625 2544 792 2625 rationem,
819 2551 854 2608 mt
876 2543 964 2609 Iovis
987 2543 1091 2608 omme
1112 2543 1353 2609 matrimonium

165 2654 343 2736 celebretur,
376 2662 412 2719 mt
439 2661 541 2736 mepta
563 2662 712 2720 matrerm
734 2656 785 2736 sit,
808 2655 891 2719 simi
911 2656 1013 2719 Immo:
1034 2676 1113 2720 mom
1134 2675 1228 2720 mmees
1249 2655 1287 2720 im
1309 2663 1353 2721 tu·

164 2763 231 2829 teto
245 2773 320 2831 sumt
329 2766 428 2849 Iouis,
445 2769 529 2832 umde
544 2774 573 2831 et
586 2766 757 2848 implendos
771 2773 933 2848 ooeomtm,
947 2765 1042 2848 quasi
1053 2765 1078 2830 I
1076 2765 1143 2830 ovis
1156 2765 1353 2849 piomdessd)

253 2876 303 2940 Ad
325 2875 441 2942 ultima
458 2875 562 2942 Servii
585 2878 684 2942 verba
707 2875 747 2941 ef,
764 2876 804 2940 de
827 2877 847 2941 l.
866 2876 945 2958 L.V,
964 2879 1035 2941 102.
1079 2875 1166 2942 Idem
1186 2876 1350 2958 iuglandis

164 2985 376 3068 veriloquium
412 2995 582 3071 praeterea
610 2987 757 3053 invenies
786 2987 873 3069 apud
895 2986 976 3052 Plin.
993 2985 1065 3069 XV,
1089 2989 1127 3051 91
1153 2993 1188 3052 et
1210 2988 1350 3054 Maerob.

165 3097 221 3178 ΙΙΙ,
240 3100 288 3180 18,
306 3101 335 3163 3.
381 3101 521 3178 Quorum
544 3102 596 3166 hie
620 3099 662 3164 ad
686 3097 783 3164 Gavii
807 3096 901 3164 Bassi
929 3097 1160 3164 auctoritatem
1184 3105 1351 3180 provocat.

168 3209 266 3292 Ctp.
285 3213 333 3293 12,
351 3215 379 3275 1.
412 3210 509 3276 Plinii
530 3211 634 3277 lorum
650 3208 814 3276 Mentzius
832 3210 884 3288 (de
900 3208 935 3274 L.
954 3209 1045 3276 Aelio
1063 3209 1197 3276 Stilone.
1233 3211 1351 3277 Comm.

169 3416 253 3480 αὖθις
276 3422 304 3473 ἐκ
327 3425 379 3476 τῶν
400 3420 518 3493 ἀγάμων
541 3422 645 3496 ἄνδρας
662 3426 838 3494 ἰσαρίθμους,
862 3417 901 3481 οἷς
923 3419 1004 3480 αὐτάς
1022 3419 1181 3492 συνήρμοττε
1205 3421 1270 3475 uerri
1295 3421 1353 3483 τούς

169 3515 294 3579 πατρίους
320 3506 428 3573 ἑκάστης
454 3507 595 3578 ἐθισμούς,
623 3509 675 3560 ἐπὶ
698 3516 858 3577 κοινωνίᾳ
882 3505 983 3577 πυρός
1005 3509 1059 3558 καὶ
1084 3503 1201 3567 ὕδατος
1222 3508 1353 3577 ἐγγυῶν

170 3591 242 3653 τούς
258 3592 399 3664 γάμους,
427 3591 466 3653 ὠς
493 3596 547 3646 καὶ
566 3600 664 3665 μέχρι
683 3598 744 3646 τῶν
762 3590 932 3665 καθ’ἧμᾱς
950 3594 1178 3646 ἐπιτελοῦνται
1195 3592 1349 3665 χρόνωνκ

260 3698 282 3764 ¹)
301 3697 426 3750 Eandem
445 3697 517 3749 enim
537 3715 595 3750 esse
613 3696 751 3750 Tellurem
774 3703 856 3764 atque
876 3696 1003 3750 Cererem
1021 3695 1109 3748 Varro
1133 3699 1273 3749 statuerat.
1311 3696 1351 3750 Of.

170 3783 240 3850 Aug.
260 3783 294 3835 de
313 3801 335 3836 e.
354 3784 386 3836 D.
405 3782 453 3850 IV,
473 3783 505 3834 10
524 3785 559 3852 (p.
575 3784 632 3850 159,
651 3785 666 3834 7
685 3784 737 3852 D.).

259 3888 282 3954 ²)
301 3886 346 3953 Id,
369 3885 442 3952 quod
466 3885 562 3940 Festus
588 3886 766 3954 »patrimis
793 3889 823 3938 et
846 3885 1032 3939 matrimis«
1062 3886 1240 3954 significavit,
1264 3885 1351 3938 Servii

170 3972 351 4040 interpolator
374 3972 408 4024 ed
435 3973 502 4025 Aen.
522 3972 569 4040 IV,
590 3973 638 4024 167
666 3973 760 4041 (pto)
785 3971 855 4024 dixit
877 3972 990 4025 vocibus
1016 3988 1092 4038 »per
1107 3971 1351 4040 felicissimum

166 4075 330 4126 puerum«

259 4161 283 4228 ³)
307 4160 381 4226 Quae
404 4165 556 4228 sequuntur
578 4160 680 4214 ibidem
708 4161 781 4230 apud
807 4161 930 4214 Servium
958 4165 986 4214 et
1012 4161 1249 4230 interpolatorem,
1277 4160 1350 4214 unde

171 4245 289 4299 deducta
308 4247 374 4314 sint,
393 4247 537 4300 diiudicari
556 4265 611 4300 non
629 4251 731 4318 potest,
754 4247 807 4299 nisi
829 4246 902 4314 quod
920 4246 996 4314 prior
1013 4245 1216 4316 interpolatoris
1235 4245 1350 4317 expliea-

169 4332 210 4389 tio
229 4333 355 4402 congruit
373 4351 435 4389 oum
453 4333 550 4389 Verrio
568 4333 666 4389 Flacco
686 4332 767 4404 (Fest.
786 4351 812 4406 p.
827 4333 908 4402 1731),
926 4334 978 4402 23).
1016 4333 1056 4390 Of.
1075 4333 1145 4386 Plin.
1164 4332 1223 4402 XV,
1241 4334 1282 4394 86,
