3214 4942
657 324 870 393 ..gq-

171 521 425 606 τινὸςέχχωρίοο
453 517 527 599 δόξῃ
555 517 764 598 διαφέροντος.
792 549 834 560 -
864 550 901 560 -
932 551 972 560 —
1006 518 1103 575 κτίσαι
1133 514 1168 574 δὲ
1197 516 1246 575 καὶ
1275 513 1366 574 πόλιν

171 635 326 714 ἀξιόλογον
348 630 508 713 ὁμώνυμον
536 629 629 708 αὑτῷ,
657 627 797 709 κειμένην
825 625 878 686 ἐπί
896 649 974 690 τινος
1000 625 1113 709 ὑψηλοῦ
1141 627 1247 708 τόπου·
1279 625 1355 685 κατὰ

171 745 281 827 δὲτὴν
304 742 401 825 ἄκραν
425 741 477 823 ἠν
501 739 533 799 ἐν
557 742 592 822 τῇ
615 740 698 798 πόλει
721 742 774 820 τῆς
794 739 912 821 μητρὸς
935 738 1018 817 ἱερὸν
1043 735 1252 818 &prisceiam

258 861 381 931 Gellius
407 860 467 944 lll,
497 863 530 942 l,
564 863 575 923 1
613 857 728 924 ltaliae
758 877 874 925 nomeu
903 859 960 917 ἀπὸ
991 860 1049 917 τῶν
1078 859 1201 929 tealdo,
1235 855 1256 921 i.
1280 877 1306 921 e.
1337 876 1357 921 a

172 975 296 1058 vitulis,
331 971 505 1038 deduxisse
535 969 698 1037 Timaeum
733 975 768 1036 et
792 969 969 1036 Varronem
996 967 1090 1033 dicit:
1125 967 1213 1034 illius
1248 972 1357 1034 autem

173 1084 370 1154 sententiam
393 1103 452 1166 per
473 1084 559 1148 hunc
576 1081 679 1147 Gellio
702 1080 887 1147 innotuisse
910 1081 951 1146 ab
973 1079 1045 1162 ipso
1060 1079 1205 1146 Varrone
1229 1080 1268 1144 de
1290 1100 1315 1144 r.
1329 1099 1369 1150 r.¹

171 1199 210 1283 ll,
227 1200 256 1281 5,
273 1200 292 1263 3
317 1194 401 1266 satis
428 1195 667 1276 comprobatur.

261 1317 311 1382 Ad
334 1314 510 1408 Varronem
540 1315 627 1395 apud
654 1313 922 1395 interpolatorem
946 1311 1050 1378 Servii
1073 1312 1114 1394 ll,
1141 1314 1178 1376 13
1207 1311 1356 1378 conferas

175 1429 354 1510 Iordanum,
378 1425 525 1508 prolegg.
549 1426 591 1490 ad
612 1425 768 1492 Catonem
791 1445 821 1506 p.
839 1423 1019 1490 llllllVlll.
1059 1421 1119 1502 Qui
1142 1422 1262 1490 Timaei
1285 1424 1358 1490 doc-

176 1538 295 1606 trinam
317 1537 364 1604 ibi
385 1536 491 1602 latere
513 1535 732 1616 arhit1·atur.¹)
1401 1539 1403 1544 ’

261 1658 356 1741 Apud
371 1657 563 1722 Strabonem
579 1654 701 1722 Timaei
716 1655 862 1739 vestigia
885 1675 949 1722 non
972 1655 1061 1722 nulla
1085 1659 1217 1720 exstare
1241 1674 1358 1736 cogno-

174 1770 290 1850 rimus.
327 1765 408 1845 Quid
424 1769 527 1832 vemt>
561 1767 711 1850 lpsumne
728 1766 892 1834 Timaeum
915 1765 1060 1849 inspexit
1083 1767 1291 1848 geographus
1316 1787 1358 1832 an

176 1901 217 1947 ex
243 1878 307 1946 alio
337 1878 474 1960 quodam
508 1882 639 1944 auctore
666 1878 839 1945 Timaeaua
866 1879 898 1944 iu
928 1898 1021 1944 usum
1054 1897 1145 1942 suum
1175 1877 1359 1944 convertite

161 1982 259 2063 'illud
297 1989 425 2072 quidem
463 1988 664 2056 Huurathius
703 1989 765 2056 sibi
803 1969 979 2072 persuasit.
1037 1989 1127 2067 Quod
1166 2008 1357 2069 quamquam

177 2122 311 2187 prorsus
339 2119 461 2182 negare
493 2120 558 2166 non
591 2101 711 2185 ausim,
750 2107 860 2167 tamen
892 2105 1083 2182 argumenta
1115 2100 1272 2180 quaedam
1302 2101 1358 2165 ad·

178 2214 295 2296 feram,
328 2231 385 2279 cur
419 2212 526 2278 altera
561 2215 726 2279 sententia
756 2245 798 2258 -
826 2234 884 2295 per
908 2213 1174 2292 intercessorem,
1208 2211 1273 2276 etsi
1294 2232 1358 2277 non

178 2323 301 2407 omnia,
335 2328 446 2390 tamen
478 2323 582 2390 multa
605 2324 726 2390 Timaei
760 2325 902 2390 frustula
931 2325 972 2389 ad
997 2325 1188 2390 Strabonem
1217 2323 1359 2405 itemque

177 2437 219 2502 ad
250 2434 473 2518 Lycophronis
503 2435 714 2502 scholiastam
749 2443 932 2518 propagata
967 2455 1037 2501 esse
1069 2472 1106 2480 -—
1142 2433 1248 2516 magis
1281 2435 1360 2500 mihi

178 2546 332 2614 arrideat.
1159 2551 1161 2556 ’

265 2637 355 2735 Quae
377 2658 416 2722 de
439 2657 623 2740 Gymnasiis
645 2658 762 2726 insulis
787 2659 928 2725 Tzetzes
957 2659 998 2724 ad
1021 2657 1243 2740 Lycophronis
1269 2658 1358 2723 Alex.

178 2771 241 2834 633
266 2748 453 2852 adscripsit,
478 2789 517 2834 ea
539 2769 607 2835 fere
630 2769 736 2836 omnia
760 2770 923 2836 eTimaeo
946 2769 985 2835 in·
1001 2769 1089 2835 illius
1106 2769 1229 2835 scholia
1244 2770 1360 2836 redun-

177 2882 276 2947 dasse
298 2879 558 2947 Muellenhoifius
580 2901 612 2964 p.
629 2884 691 2946 466
716 2881 905 2964 exposuit.²)
953 2883 1145 2948 Strabonem
1173 2886 1281 2946 autem
1311 2901 1359 2964 ea,

177 3011 261 3073 quae
295 3010 326 3073 p.
355 2995 473 3066 horrca
507 2993 606 3058 hahet
645 2994 685 3058 de
720 2991 836 3059 iisdem
865 2992 998 3075 insulis,
1037 3013 1055 3056 e
1085 2989 1273 3074 Posidonio,
1307 2991 1360 3074 qui

178 3102 253 3185 ipse
278 3101 401 3168 Timaei
424 3103 569 3185 vestigia
592 3103 781 3186 pressisset,
805 3102 1046 3186 deprompsisse
1068 3102 1145 3169 licet
1168 3102 1219 3169 vir
1242 3103 1361 3170 doctis·

178 3213 277 3282 simus
301 3214 345 3296 (p.
364 3216 440 3290 462)
468 3219 558 3279 recte
586 3215 751 3298 statuerit,
779 3221 888 3281 tamen
919 3217 1003 3281 alius
1032 3219 1205 3296 praeterea
1235 3219 1359 3297 auctor,

178 3323 214 3418 ni
228 3324 333 3408 fallor,
351 3323 472 3391 Timaei
487 3325 673 3418 memoriam
690 3327 877 3409 geographo
895 3325 1120 3409 suppeditavit
1135 3325 1282 3406 idemque
1297 3327 1360 3408 Ly-

179 3419 351 3514 cophronis
369 3436 578 3503 scholiastae.
614 3437 756 3520 Uterque
772 3438 856 3504 euim
872 3445 1004 3520 praeter
1020 3436 1180 3504 Timaeum
1207 3436 1359 3527 (Tuetzes

270 3688 292 3755 1)
312 3689 482 3758 Quamquam
500 3689 569 3742 mihi
587 3683 697 3757 quidem
716 3710 771 3744 non
790 3693 972 3746 certissimum
996 3691 1105 3742 videtur
1123 3690 1274 3743 Varronem
1299 3710 1360 3758 quo-

179 3789 240 3839 que,
260 3772 331 3825 sicut
348 3780 460 3845 ceteros,
480 3794 547 3844 quos
567 3777 662 3829 citavit
680 3777 826 3846 londanus,
850 3779 884 3830 de
903 3778 1021 3830 Hercule
1044 3778 1189 3844 cogitasse,
1214 3795 1275 3828 cum
1299 3779 1360 3830 sori-

181 3859 271 3912 beret:
293 3876 375 3926 nqeue
392 3863 528 3928 quondam
546 3879 564 3916 a
584 3861 696 3916 Graecis
712 3879 831 3930 possessa
853 3867 914 3918 est«

265 3972 290 4039 ²)
309 3969 402 4024 Varro
415 3988 523 4040 quoque
542 3975 615 4042 apud
633 3974 840 4042 Hieronymum,
859 3992 955 4026 comm.
969 3973 1047 4042 epist.
1061 3973 1096 4025 ad
1117 3973 1204 4026 Galat.
1218 3973 1254 4025 ΙΙ.
1275 3975 1359 4042 praef.

179 4055 223 4124 (cf.
243 4054 366 4109 Plinium
385 4056 437 4126 ΙΙΙ,
456 4060 496 4111 tt.
524 4060 717 4112 Reitzenstein.
736 4079 762 4128 p.
775 4060 836 4129 543)
856 4061 947 4112 nescio
960 4077 995 4111 an
1014 4077 1047 4111 ex
1060 4059 1155 4110 eodem
1174 4063 1284 4111 anctore
1302 4079 1361 4128 pro-

178 4140 266 4194 fectus
285 4143 328 4196 sit.
367 4141 495 4198 »Insulae
513 4145 767 4212 Aphrodisienses
786 4143 963 4214 Gymnesiae,
985 4161 1054 4210 qaae
1073 4146 1202 4196 vocantur·
1220 4144 1360 4209 Baleares,

177 4240 265 4279 nonne
284 4228 383 4282 Graeci
401 4231 532 4284 sermonis
548 4231 652 4284 iudicia
669 4231 879 4286 demonstrant«
913 4232 951 4284 cf.
965 4229 1044 4283 Diod.
1058 4229 1092 4297 V,
1106 4230 1145 4282 17.
1175 4230 1359 4283 Muellenhoff.

178 4329 204 4379 p=
219 4312 272 4362 461.
282 4331 340 4380 sqq.

1187 4402 1204 4450 6
