3214 4942
691 327 900 390 ..71-

204 517 246 583 ad
268 515 363 582 huius
386 516 618 582 alletoritatem
643 512 712 578 sine
735 512 831 579 dubio
854 515 1057 581 revocandus
1081 512 1387 595 0010011,31,21.“)

205 628 253 693 De
276 647 356 710 agro
381 626 569 709 Puteolano,
593 624 684 692 cuius
700 623 824 690 Plinius
847 625 893 690 ibi
915 624 1071 708 meminit,
1095 623 1134 690 cf.
1152 625 1191 689 de
1202 625 1223 689 1.
1239 622 1321 707 L.V,
1334 627 1386 707 25,

204 730 513 821 memffl

219 899 221 903 -
291 849 370 916 Plin.
385 848 453 932 Vll,
474 853 520 914 19.
560 851 683 916 »Haud
697 849 812 932 procul
826 850 903 914 urbe
917 851 1024 915 Roma
1038 849 1076 916 iu
1087 849 1292 914 Faliscorum
1308 869 1387 931 acro

197 961 356 1047 familiae
370 969 445 1027 suut
452 983 590 1044 paucae,
606 983 688 1044 quae
702 968 855 1027 oocautur
867 961 980 1044 Hirpi.
1006 963 1080 1026 Hae
1094 960 1251 1043 sacrificio
1268 981 1386 1042 auuuo,

204 1076 288 1157 quod
317 1077 353 1155 fit
379 1075 423 1138 ad
448 1080 581 1139 meatem
604 1075 763 1140 Soractem
786 1073 951 1156 Apollini,
985 1095 1080 1156 super
1103 1073 1281 1138 ambustam
1305 1070 1388 1154 liqui

203 1194 319 1252 struem
342 1185 540 1258 ambulantes
561 1207 626 1251 moa
650 1187 831 1251 aduruntur
852 1192 881 1250 et
894 1187 931 1250 ob
947 1185 984 1251 id
992 1193 1145 1268 perpetuo
1167 1191 1296 1250 semotus
1319 1203 1387 1248 cou-

203 1297 284 1364 sulto
298 1297 436 1362 militiae
451 1298 651 1379 ommiumque
668 1297 807 1363 aliorum
822 1320 987 1363 munerum
1001 1297 1200 1363 uacationem
1212 1295 1386 1368 habentui)

292 1407 469 1474 Praeterea
492 1408 687 1474 conferenda
711 1414 802 1490 sunt,
831 1429 913 1490 qnae
937 1408 1069 1474 Servius
1092 1409 1134 1473 ad
1158 1409 1236 1472 Aen.
1253 1406 1308 1488 lll,
1326 1408 1386 1471 787

206 1519 335 1586 rettulit
360 1519 571 1586 Varroniana.
612 1521 749 1602 »Varra
771 1521 887 1602 ubique
909 1528 1107 1604 eapuouator
1128 1520 1306 1603 relioiouis,
1330 1518 1387 1602 ait,

206 1654 275 1698 cum
297 1634 457 1716 quoddam
480 1633 740 1698 medicamentum
760 1633 952 1715 describeret,
975 1639 1016 1698 ut
1036 1632 1159 1698 soleat
1173 1630 1387 1714 Hirpiui3),

206 1744 272 1828 qui
308 1743 548 1810 ambulaturi
576 1766 647 1826 per
679 1744 788 1827 iares
820 1744 1092 1810 medicamento
1117 1744 1284 1826 plautas
1315 1744 1388 1809 tiu-

203 1856 362 1939 quatri

292 1966 394 2032 Simili
417 1967 510 2031 modo
533 1966 682 2032 mortifer
705 1971 778 2032 0101
800 1967 891 2032 lacus
907 1967 1068 2034 Avernus.
1105 1967 1153 2032 De
1177 1987 1238 2049 quo
1256 1968 1388 2034 Servius

205 2077 517 2160 malenutrita
542 2078 622 2143 haec
647 2079 769 2161 prodit:
809 2081 933 2144 »Lacus
956 2087 1029 2145 aute
1050 2080 1207 2146 siluarum
1234 2079 1389 2145 densitate

204 2189 252 2257 sic
274 2191 481 2273 ambiebatur,
504 2197 540 2254 ut
553 2191 710 2256 ecbataas
724 2191 800 2258 iude
816 2213 878 2274 per
895 2191 1064 2275 amoustias
1080 2213 1184 2275 oquae
1197 2192 1390 2274 sulphureae

206 2305 283 2368 odor
302 2301 515 2385 yraoissimus
537 2302 771 2385 supaoolautes
794 2325 867 2369 aoes
892 2311 1033 2370 uocaret:
1054 2306 1138 2370 uude
1156 2304 1304 2368 dommus
1327 2303 1389 2368 dic·

207 2421 256 2480 tus
278 2413 374 2497 quasi
389 2409 570 2494 1100111016)

210 2545 414 2553 ———-—-

297 2611 320 2678 1)
341 2610 380 2662 Cf.
393 2609 545 2661 Varronem
565 2609 637 2677 apud
654 2610 792 2663 isidorum
809 2611 883 2674 XIV,
903 2613 927 2678 9,
942 2613 958 2662 2
977 2612 1050 2679 (=1.
1064 2610 1111 2677 XI,
1125 2612 1139 2660 7
1153 2609 1275 2678 1111110011).
1304 2610 1390 2675 Quem

207 2697 298 2749 locum
317 2713 331 2748 e
350 2695 440 2747 Plinio
460 2693 608 2760 Servioque
627 2697 804 2764 compilatum
824 2715 882 2749 esse
906 2696 1002 2749 dubito
1021 2713 1056 2748 011
1075 2714 1129 2748 non
1148 2700 1221 2748 recte
1240 2697 1390 2750 Kettnerus

207 2781 394 2851 (varronische
414 2780 528 2833 Studien
545 2800 570 2849 p.
584 2783 628 2849 20)
648 2782 700 2834 sibi
718 2783 891 2850 persuaserit.
929 2782 1099 2849 Quamquam
1121 2781 1193 2850 ipsas
1213 2781 1390 2848 antiquitates

207 2868 344 2923 Isidorum
356 2867 454 2934 legisse
467 2884 501 2920 ne
514 2884 564 2934 ego
578 2867 688 2933 quidem
702 2869 791 2921 credo.
818 2870 953 2934 Fortasse,
966 2874 998 2922 ut
1010 2869 1160 2922 Kettnerus
1179 2887 1204 2936 p.
1215 2868 1247 2919 21
1265 2867 1389 2936 coniecit,

203 2954 318 3013 ,uberius
337 2953 459 3006 scholion
478 2953 513 3004 ad
530 2953 594 3020 VH,
613 2953 663 3005 568
681 2955 753 3022 patri
771 2960 881 3024 praesto
899 2956 958 3009 fuit.
1033 2983 1036 2989 ¹

295 3041 319 3108 ²)
338 3039 416 3104 Quod
434 3038 507 3106 apud
520 3039 639 3091 Plinium
654 3039 760 3108 Apollo,
780 3042 852 3110 apud
866 3042 989 3094 Servium
1005 3041 1134 3110 Dispater
1152 3044 1390 3107 commemoratur,

206 3127 269 3180 inde
289 3143 354 3178 cave
372 3143 406 3178 ex
425 3125 478 3176 alio
497 3129 607 3177 auctore
627 3124 713 3178 Servii
732 3132 814 3193 atque
833 3127 915 3180 Plinii
934 3129 1019 3180 verba
1037 3144 1161 3179 manasse
1183 3126 1283 3179 elicias.
1319 3125 1390 3177 Nam

206 3214 236 3267 in
253 3212 368 3280 Vergilii
387 3228 494 3277 quoque
513 3229 602 3278 versu,
622 3230 704 3278 quem
723 3214 881 3268 scholiastes
900 3215 942 3266 his
961 3214 1052 3267 verbis
1072 3210 1219 3265 illustravit
1238 3209 1302 3279 (XI,
1321 3211 1390 3279 785),

208 3300 306 3369 Apollo
334 3297 499 3350 nominatur.
541 3298 638 3363 ltaque
663 3298 771 3352 Servius
800 3300 911 3352 omnino
939 3319 995 3352 non
1022 3299 1112 3368 potuit
1140 3297 1255 3365 Vergilii
1281 3314 1391 3348 versum

209 3387 408 3439 commentatus
428 3382 519 3436 dicere
538 3383 571 3436 de
590 3385 653 3437 Dite
672 3392 762 3454 patre,
787 3387 839 3439 nisi
863 3387 958 3440 eadem
977 3387 1068 3455 putari
1087 3403 1119 3438 00
1137 3383 1250 3436 numina
1268 3383 1296 3434 in
1314 3381 1390 3436 fonte

209 3490 258 3525 suo
276 3469 438 3523 invenisset·

297 3558 320 3624 ³)
342 3554 456 3623 »Hirpi«
478 3554 625 3608 Salmasius
648 3558 772 3612 coniecit.

297 3643 321 3710 4)
339 3641 381 3693 Ea
399 3641 510 3707 quidem
528 3659 563 3694 ex
581 3641 633 3694 0110
652 3643 782 3697 Varronis
807 3663 888 3714 opere
911 3649 993 3712 atque
1016 3649 1108 3698 cetera
1131 3647 1239 3710 sumpta
1261 3640 1390 3694 videntur

210 3728 428 3799 (disciplinarum
445 3727 492 3780 lib.
512 3727 545 3780 de
564 3728 738 3799 medicinam.

299 3817 322 3883 ⁵)
343 3814 381 3866 cf.
402 3812 475 3865 Serv.
495 3813 529 3865 ad
548 3814 615 3868 Aen.
635 3817 688 3884 III,
706 3819 767 3880 3863
787 3818 912 3883 111202.

299 3905 323 3971 ὓ)
341 3898 469 3957 Notanda
487 3903 529 3952 est
546 3901 692 3954 verborum
712 3904 869 3973 similitudo,
889 3893 958 3971 quae
976 3901 1122 3956 intercedit
1145 3901 1217 3953 inter
1235 3899 1308 3952 Seru.
1327 3899 1390 3966 VII,

210 3987 559 4067 mmmmm

295 4084 347 4152 ΙΙΙ,
366 4087 425 4139 442.
473 4084 654 4138 »siluarum
677 4076 847 4130 dcusitote
865 4077 902 4130 sic
920 4073 1153 4128 ambiebatur«

295 4169 358 4239 VII,
377 4171 435 4225 563.
474 4168 665 4240 »arcatores
687 4164 750 4232 arrio
774 4162 920 4215 ambitur
942 4160 1062 4215 silvia«

296 4254 359 4326 VII,
382 4258 423 4310 84.
473 4253 628 4326 »oravior
651 4268 688 4304 ecc
710 4248 877 4302 demeitatc
899 4248 1081 4300 silvorum«

212 4338 313 4406 Quodsi
332 4341 391 4408 quis
410 4343 526 4396 miratur
543 4341 696 4394 Varronem
714 4353 768 4388 uno
788 4351 895 4400 quoque
917 4335 977 4386 loco
1000 4332 1096 4384 iisdem
1115 4330 1205 4384 verbis
1224 4347 1304 4381 usum
1323 4347 1389 4398 esse,
