3214 4942
703 381 742 390 -.
789 348 913 409 10..

218 534 561 618 Sclelclcsulsubtn'nnen
582 534 652 600 sein
674 535 782 616 collon,
806 534 919 600 welche
939 534 976 598 n'n
991 535 1044 600 dle
1062 536 1314 619 Verunnqenben't
1335 538 1404 600 nnd

218 645 253 710 n‘n
278 647 329 711 die
352 647 499 732 annnnst
520 648 668 712 senonen.
714 646 812 711 Dieuc
834 645 1038 730 Anffassnnu
1060 647 1181 712 selneint
1202 649 1271 712 deon
1299 648 1402 713 Varro

216 757 400 823 unbekannt
418 781 559 843 yenesen
580 779 620 823 nn
642 758 739 823 sein«
824 817 827 828 ,

304 869 460 935 Macrobii
483 869 600 952 capitis
624 867 774 934 doctrina
796 888 858 934 rer.
884 870 968 934 hum.
992 868 1247 949 antiquitatibus
1263 869 1402 935 maxime

219 981 390 1046 convenire
412 981 490 1046 mihi
513 979 653 1062 videtur,
676 979 731 1046 ubi
748 979 962 1046 Romanorum
983 978 1128 1060 origines
1147 979 1249 1047 Varro
1270 1001 1402 1046 enarra-

218 1099 313 1158 verat
336 1092 369 1171 (l.
386 1093 413 1158 ll
429 1095 469 1170 ⁶2).
505 1092 553 1158 Of.
570 1091 701 1158 Mirsch.
717 1092 737 1156 l.
751 1092 772 1156 l.
786 1112 817 1173 p.
833 1094 870 1156 31
887 1112 957 1173 sqq.

161 1282 163 1286 .
304 1205 408 1270 Multa
431 1209 540 1270 uumm
563 1205 675 1269 harum
699 1223 805 1269 rerum
829 1208 864 1268 et
885 1203 919 1268 in
940 1224 1047 1270 rerum
1070 1204 1294 1271 divinarum
1318 1204 1403 1269 auti·

219 1315 398 1396 quitatibus
420 1315 511 1380 illum
533 1314 708 1397 repetiisse
731 1319 892 1397 epatrum
917 1317 936 1380 l.
950 1315 970 1381 l.
989 1316 1009 1380 l.
1022 1315 1164 1384 lunone
1187 1315 1401 1398 intellegitur.

304 1427 481 1492 Praeterea
504 1429 584 1492 haec
608 1426 791 1492 adiecerim.
832 1427 961 1493 Citatur
976 1447 996 1492 a
1013 1427 1175 1494 Macrobio
1198 1429 1265 1510 1‚7‚
1285 1431 1322 1491 19
1340 1427 1403 1510 Hy-

220 1537 332 1620 ginus:
361 1538 473 1620 itaque
500 1558 558 1620 per
580 1540 665 1603 hune
688 1537 716 1601 V
719 1519 894 1604 arroniana
917 1538 959 1603 ad
981 1538 1069 1605 illum
1094 1544 1321 1621 pervenerunt.
1367 1539 1402 1604 ln

220 1648 328 1731 capito
362 1649 483 1716 decimo
519 1655 627 1716 autem
660 1650 806 1715 nonnihil
832 1649 942 1716 inesse
976 1651 1016 1715 de
1044 1650 1147 1716 isdem
1170 1654 1283 1734 rebus,
1319 1651 1404 1732 quod

219 1761 326 1842 ipsum
361 1759 487 1842 quoque
522 1761 676 1827 Varronis
711 1761 943 1828 auctoritatem
978 1762 1118 1844 referat,
1159 1783 1258 1844 supra
1297 1767 1339 1845 (p.
1373 1765 1402 1841 l)

219 1875 336 1938 monui.
376 1876 482 1954 Atque
505 1873 538 1939 in
562 1893 599 1938 eo
623 1873 731 1954 capite
753 1874 907 1938 landatur
923 1873 1134 1940 Philochorus
1158 1878 1221 1958 (rb,
1247 1877 1312 1948 22).
1351 1874 1403 1939 lu·

221 1984 312 2050 venit
327 1984 430 2066 igitur
445 1985 628 2050 Macrobius
644 1985 677 2050 in
700 1985 791 2050 fonte
815 2005 873 2050 suo
891 1985 1072 2051 sententias
1088 1985 1218 2070 Hygini,
1238 1987 1402 2068 Varronis,

221 2096 412 2161 Philochori.
457 2095 527 2162 Non
555 2095 722 2178 indignum
745 2104 810 2180 est,
835 2097 920 2178 qnod
942 2099 1040 2163 verbo
1064 2103 1212 2180 tangam,
1236 2103 1305 2161 tres
1328 2096 1402 2162 illos

221 2207 398 2290 scriptores
426 2207 613 2274 coniunctos
641 2208 708 2291 legi
735 2209 821 2290 apud
848 2209 953 2284 Seruii
981 2229 1107 2290 quoque
1134 2209 1400 2290 interpolatorem

221 2325 255 2383 et
277 2319 310 2384 in
334 2340 373 2384 ea
395 2340 446 2401 re,
470 2340 553 2401 quae
576 2321 729 2385 cohaeret
753 2321 984 2406 qrrodammoslo
1008 2340 1079 2386 cum
1102 2319 1259 2386 Macrobii
1282 2321 1398 2400 capite.

221 2431 340 2512 Agitur
363 2431 447 2497 enim
471 2453 508 2497 eo
532 2433 601 2497 loco
624 2433 664 2497 de
687 2431 898 2513 Pelasgorum
922 2431 956 2497 in
979 2431 1106 2498 ltaliam
1129 2432 1281 2498 adventu.
