3214 4942
713 359 927 422 ,69-

231 546 426 629 lipuorum
449 553 584 612 tectum
607 548 644 612 cle
670 546 816 612 Taurica
837 546 1046 613 simulacrum
1067 547 1226 613 extulisset
1248 551 1313 629 etq,
1331 569 1356 614 S.
1373 586 1413 596 -

230 693 273 702 —
298 693 334 704 -
359 658 470 724 Huius
497 665 600 724 autem
625 659 779 741 laminis,
815 660 904 740 apuel
929 661 1014 741 quael
1032 665 1193 742 purpatus
1215 667 1259 725 cst
1283 660 1411 746 Orestes,

237 770 339 835 Varro
363 769 505 835 memiuit
526 771 759 835 Humauarum
775 770 859 836 XL«

316 880 401 945 Idem
425 899 503 946 vero
526 881 565 945 de
589 878 714 946 Dianae
738 880 910 946 simulacro
933 884 975 946 ab
998 881 1114 948 Oreste
1137 881 1278 947 Ariciam
1302 883 1410 950 delato

230 992 377 1072 idemque
400 993 439 1056 de
464 992 632 1057 sacerdote
655 991 710 1057 illo
727 991 867 1073 fugitivo
883 991 1006 1058 Lucani
1023 993 1218 1060 scholiastes
1235 993 1411 1061 Bernensis

230 1103 377 1168 tradidit.
423 1102 483 1181 Qui
507 1123 578 1169 enm
600 1103 667 1168 alia
690 1123 816 1185 qnoque
833 1103 1056 1170 Varronionae
1080 1104 1247 1170 doctrinae
1269 1105 1411 1174 frustula

230 1215 386 1296 quaedam
412 1214 565 1297 servarit,
589 1213 688 1280 etiam
710 1216 791 1280 haec
815 1234 855 1279 ex
878 1215 989 1280 eodem
1013 1221 1146 1282 auctore
1162 1216 1323 1282 arcessita
1339 1237 1411 1284 esse

228 1326 315 1392 haud
337 1330 460 1392 temere
483 1326 647 1400 statuas.¹)
693 1326 739 1393 cf.
760 1325 879 1392 Comm.
903 1327 996 1392 Bern.
1018 1329 1067 1393 ed.
1085 1328 1218 1394 Usener.
1235 1328 1286 1412 ΙΙΙ,
1311 1331 1350 1394 86
1375 1335 1410 1395 et

232 1436 284 1519 Vl,
302 1440 351 1502 74.
399 1438 488 1502 Adde
511 1438 653 1503 Setinum
677 1441 706 1520 2,
725 1442 774 1504 11.

315 1548 446 1615 Servius
464 1549 530 1632 vll,
547 1552 618 1615 563.
661 1549 777 1616 »Hauc
799 1551 900 1617 locum
920 1551 1106 1616 umbilicum
1129 1552 1341 1636 choropraphi
1364 1555 1409 1620 cli·

229 1670 309 1728 cuut.
345 1664 406 1728 Est
432 1669 535 1727 autem
557 1662 594 1726 iu
618 1662 713 1727 latere
739 1661 942 1746 Campaniae
964 1670 992 1728 et
1013 1662 1166 1746 Apuliae,
1189 1664 1246 1728 uhi
1268 1665 1410 1746 Hirpiui
1454 1650 1458 1656 ¹

227 1781 303 1840 sum
329 1781 358 1840 et
383 1775 476 1839 hahet
502 1795 606 1856 aquas
634 1774 834 1857 sulphureas,
868 1775 938 1840 icleo
959 1774 1134 1858 propiores,
1168 1775 1248 1857 quia
1271 1777 1410 1842 ambitur

227 1885 328 1952 siluis.
363 1887 440 1951 Ideo
464 1893 567 1951 autem
589 1885 636 1950 ihi
658 1886 765 1951 aditus
779 1907 843 1951 esse
858 1887 976 1951 elicitur
990 1886 1177 1969 inferorum,
1201 1889 1285 1969 quael
1296 1889 1410 1970 prauis

229 2000 306 2063 olor
327 1998 419 2062 lauta
443 1999 618 2064 accedeutcs
639 2004 739 2079 uecot,
774 2000 852 2063 celeo
874 2006 910 2064 at
929 1998 1077 2063 uictimae
1099 1999 1185 2063 circa
1204 2000 1288 2064 huuc
1310 2000 1410 2065 locum

228 2132 292 2175 uou
314 2110 563 2191 immolarentur,
587 2110 642 2174 secl
663 2111 756 2174 odore
771 2110 918 2191 perirent
940 2111 985 2174 acl
1000 2132 1119 2193 aquam
1135 2109 1325 2192 adplicatue.
1364 2111 1411 2177 Et

228 2222 285 2287 hoc
306 2228 376 2286 crat
394 2243 494 2304 penus
510 2220 677 2286 litatiouis.
712 2220 882 2286 Sciendum
897 2243 976 2286 saue
993 2221 1197 2294 Varrouem2)
1214 2243 1407 2305 enumerare,

228 2341 303 2415 quot
313 2333 382 2398 loca
396 2333 543 2400 iultalia
558 2332 624 2397 siut
638 2332 849 2398 huiusmodi«
877 2330 1061 2415 [antiqrer.
1073 2331 1248 2414 hum.XI,h
1262 2331 1406 2416 Mirsch.]

291 2503 293 2509 ,
315 2444 397 2509 Erat
419 2450 526 2510 entem
551 2442 606 2509 illo
622 2444 703 2524 loco,
727 2443 818 2509 cuius
836 2445 967 2510 Servius
983 2443 1177 2508 mentionem
1193 2442 1284 2526 fecit,
1308 2445 1406 2510 aedes

228 2555 395 2638 Mephitis,
417 2555 450 2621 id
474 2556 558 2636 qnod
582 2556 714 2620 Servius
738 2555 851 2637 tacuit,
876 2554 998 2620 Plinius
1022 2555 1059 2638 ΙΙ,
1076 2558 1138 2620 ‘208
1156 2552 1333 2620 Varronem
1357 2573 1407 2620 se·

229 2671 320 2734 cintus
335 2666 485 2732 narravit
501 2665 553 2744 (cf.
571 2687 600 2747 p.
616 2668 679 2742 70).
711 2665 759 2731 De
775 2664 913 2747 Mephiti
935 2671 1043 2731 autem
1068 2685 1139 2731 cunr
1153 2663 1284 2731 Servius
1300 2664 1407 2748 egerit

228 2780 269 2844 ad
286 2781 363 2844 Aen.
374 2778 440 2860 ΙΙΙΙ,
458 2781 508 2860 84,
532 2795 571 2842 eo
595 2797 720 2858 qnoque
734 2776 871 2843 Varroni
892 2777 1107 2843 adiudicande
1121 2776 1282 2842 videntur.

316 2890 491 2973 »Mephitis
511 2889 646 2972 proprie
673 2897 718 2954 est
742 2897 844 2956 terrae
867 2897 974 2972 pretor,
1008 2890 1064 2972 qai
1087 2891 1125 2954 cle
1147 2891 1242 2971 aquis
1263 2891 1408 2956 uascitur

225 3003 424 3085 sulphuratis
457 3010 486 3068 et
511 3009 555 3068 est
581 3002 618 3067 iu
645 3003 824 3067 uemorilms
844 3002 978 3085 pravior
1000 3024 1038 3068 ca
1065 3001 1218 3066 densitate
1239 3001 1405 3068 siluarum.

172 3099 175 3104 ’
225 3115 299 3180 Alii
314 3114 477 3197 Mephitin
500 3115 591 3179 eleum
612 3113 721 3178 uoluut
734 3114 928 3178 Leucotheae
951 3134 1109 3194 coueaum,
1132 3114 1214 3178 sicut
1228 3121 1272 3178 est
1292 3113 1407 3178 Veueri

224 3226 361 3308 Aelouis,
377 3226 512 3292 Diauae
533 3225 672 3290 Virbius.
718 3225 792 3290 Alii
807 3225 972 3308 Mephitiu
986 3227 1145 3290 quouem
1166 3224 1283 3306 uoluat,
1307 3244 1404 3305 quam

226 3347 330 3403 a'e'rem
361 3359 425 3403 esse
458 3343 586 3402 eoustat.
632 3336 789 3401 Nouimus
817 3344 920 3403 autem
940 3344 1085 3419 putorem
1109 3359 1172 3402 uou
1194 3337 1262 3402 uisi
1284 3357 1322 3401 ecc
1344 3357 1406 3400 cor-

225 3449 371 3532 ruptioue
399 3448 485 3515 a'e'ris
511 3448 612 3529 masei,
634 3447 716 3512 sicut
742 3449 837 3514 etiam
861 3450 974 3514 bouum
997 3450 1121 3514 odorem
1151 3450 1189 3512 cle
1211 3457 1284 3514 aere
1305 3448 1406 3513 iucar-

225 3567 327 3643 rupto‚
349 3568 384 3626 ut
405 3560 448 3626 sit
458 3561 616 3642 Mephitis
638 3561 698 3624 dea
717 3561 823 3625 oeloris
835 3560 1034 3642 pravissimi,
1050 3560 1072 3624 i.
1085 3581 1109 3625 e.
1121 3581 1220 3642 praue
1235 3557 1405 3637 oleatis.«³)

316 3748 338 3814 ¹)
358 3746 454 3799 Strabo
472 3765 498 3815 p.
512 3748 562 3799 239
582 3748 617 3814 (p.
631 3747 689 3813 329,
709 3747 742 3797 19
760 3745 861 3814 Mein).
900 3751 959 3811 »τῆς
977 3743 1008 3796 l'
1020 3743 1157 3818 Ἀρικίνης
1179 3742 1205 3797 ut
1224 3742 1297 3818 ἱερὸν
1316 3747 1404 3814 λέγου-

226 3847 269 3884 σιν
287 3829 429 3903 rirptclprpel
448 3852 472 3883 τι
490 3838 533 3898 τῆς
554 3831 736 3904 Ταυροπόλου·
761 3835 805 3883 καὶ
829 3831 883 3902 γάρ
905 3853 927 3884 τι
945 3828 1113 3904 βαρβαρικόν
1136 3835 1227 3903 κρατοῖ
1243 3833 1288 3882 καὶ
1306 3838 1404 3882 Σκυθι-

225 3915 274 3969 κόν
300 3920 359 3989 περὶ
387 3916 413 3970 τό
441 3916 515 3991 ἱερὸν
543 3921 612 3976 ἔθος.
649 3922 807 3968 καθίσταται
835 3916 890 3990 peip
916 3915 1001 3990 ἷιρτύς
1026 3913 1041 3967 ot
1064 3919 1191 3984 γενηθιὶς
1214 3914 1337 3987 αὐτόχειρ
1360 3921 1404 3968 τοῦ

225 4005 372 4076 ἱερωμένου,
393 4002 521 4077 πρότερον
544 4006 672 4076 δραπέτης
695 4001 773 4076 ἁνήρ·
803 4002 917 4077 ξιφήρης
938 3997 987 4055 οὖν
1009 4003 1079 4054 ἐστιν
1102 3999 1143 4053 ciel
1169 4006 1337 4074 περισκοπῶν
1360 4000 1404 4061 τοὶς

225 4089 365 4155 ἐπιθέσεις,
384 4091 486 4160 ἕτοιμος
504 4087 683 4161 clerimoniam«

312 4177 336 4243 ²)
356 4175 417 4228 Scit.
436 4175 592 4228 Reatinum.
630 4174 670 4228 Of.
689 4175 815 4240 Kettner‚
833 4191 904 4227 verr.
925 4173 999 4226 Stud.
1019 4193 1044 4243 p.
1058 4175 1099 4226 21.

313 4262 336 4328 ³)
355 4261 447 4314 Verba
472 4259 536 4313 »alii
559 4259 696 4328 Mephitin
719 4291 751 4297 -
783 4259 917 4312 Virbiume
943 4259 1003 4328 ipsa
1026 4277 1133 4326 quoque
1154 4259 1326 4312 Varroniano
1348 4259 1404 4312 sint

225 4363 319 4414 necne,
337 4347 366 4399 in
385 4346 468 4400 dubio
486 4347 618 4414 relinquo.
655 4345 709 4398 Pro
728 4349 802 4399 certo
820 4363 875 4398 non
893 4345 946 4397 nisi
964 4345 1056 4414 priora
1079 4345 1118 4398 illi
1141 4345 1284 4398 restituere
1307 4345 1401 4398 ausim.
