3214 4942
642 345 940 418 ,46-

239 532 421 599 ratiouibus
446 531 565 598 Palatii
588 552 703 598 nomen
727 531 856 599 Solinus
880 530 1066 613 explicavit.
1102 532 1245 609 Quarum
1268 550 1331 596 uua
1355 529 1424 611 661-

241 645 312 709 dem
347 650 380 722 (a
403 644 480 710 Pale
509 644 569 709 dea
597 643 758 710 Palatium
788 643 908 709 dictum
937 648 1024 718 6666)
1058 660 1217 725 nusquam
1251 647 1425 724 praeterea

240 754 412 837 reperitur,
445 755 583 821 alteram
607 755 710 821 Varro
738 755 777 819 16
803 755 824 820 1.
842 754 875 820 L.
890 753 928 837 V,
950 755 990 818 53
1020 754 1199 836 proposuit.
1249 754 1298 819 De
1325 754 1426 818 tertia

241 867 337 948 paulo
361 865 522 947 copiosius
547 867 763 948 quaerendum
786 871 847 932 est.
885 865 975 944 Quod
990 870 1028 932 ut
1050 864 1218 948 faciamus,
1243 863 1351 932 Selino
1375 883 1426 929 re·

242 977 320 1043 licto
348 976 422 1042 aliis
450 976 540 1061 prius
570 976 783 1059 scriptoribus
812 976 1004 1059 quibusdam
1033 976 1174 1042 animum
1204 977 1423 1043 advertamus

330 1087 483 1155 Narravit
507 1087 640 1171 Dionys
658 1089 680 1171 l,
704 1091 745 1154 43
769 1088 937 1154 Herculem
965 1089 1045 1154 duos
1072 1089 1104 1154 in
1127 1088 1224 1154 ltalia
1246 1087 1329 1158 filios
1353 1085 1426 1151 reli·

243 1199 361 1282 quisse,
385 1201 534 1282 alterum,
554 1199 681 1265 nomine
698 1199 887 1282 Pallantem,
912 1221 952 1266 ex
972 1199 1109 1267 Lavinia
1132 1203 1177 1280 (=
1203 1199 1332 1281 Λαῦνα),
1357 1198 1422 1264 Ε6-

243 1310 336 1376 andri
358 1310 435 1394 filia,
459 1312 607 1394 alterum,
635 1311 689 1393 661
713 1311 849 1377 Latinus
874 1318 1008 1378 vocatus
1032 1317 1132 1394 esset,
1162 1331 1202 1377 ex
1225 1309 1425 1394 Hyperborei

244 1423 409 1488 cuiusdam
432 1421 508 1488 filia.
558 1423 678 1488 Eadem
700 1443 788 1505 vero,
812 1421 877 1488 etsi
900 1411 1070 1489 decurtata
1087 1425 1127 1489 ab
1144 1421 1425 1505 epitomatorims,

244 1535 330 1614 apud
356 1533 502 1599 Verrium
532 1532 752 1610 invenimus¹l
799 1532 879 1600 Nam
902 1534 966 1600 etsi
989 1536 1028 1600 16
1052 1535 1212 1601 Ρ61166116
1236 1533 1425 1617 parentibus

242 1643 308 1710 iam
332 1644 411 1710 nihil
436 1651 602 1713 servatum
625 1651 677 1713 est
699 1647 731 1711 16
756 1647 848 1713 Pauli
872 1646 1046 1728 excerptis,
1070 1647 1187 1712 161116
1212 1665 1338 1728 666666
1361 1664 1424 1710 666

244 1756 349 1822 minus
366 1777 461 1839 quam
477 1758 516 1823 16
537 1757 651 1825 Latino
667 1758 761 1842 idem,
784 1759 868 1841 6661
887 1758 1072 1842 Dionysiae,
1091 1757 1239 1824 Verrium
1254 1755 1426 1822 rettulisse

244 1873 498 1935 consentancum
521 1875 582 1936 661.
630 1869 710 1937 Nam
733 1891 805 1937 cum
827 1875 962 1952 6166666
985 1870 1070 1936 idem
1093 1869 1212 1935 dixerit
1234 1869 1274 1934 16
1296 1867 1426 1950 Latino,

244 1983 382 2061 uterque
416 1980 514 2047 simili
541 1984 635 2049 modo
665 1982 868 2049 coniunxerit·
897 1981 1056 2055 Pallantis
1088 1980 1259 2062 Latinique
1287 1978 1427 2061 nomina,

245 2079 381 2172 6166666
415 2111 435 2157 6
462 2093 610 2160 Pallante
643 2093 689 2160 ibi
723 2096 850 2176 sepulto
880 2094 999 2160 Palatii
1033 2113 1148 2160 nomen
1162 2091 1345 2158 ¹detinuerit
1373 2090 1426 2167 (cf.

248 2200 381 2284 Dionys,
398 2203 421 2285 l,
446 2205 496 2286 32,
524 2209 564 2287 l),
594 2208 780 2272 memoriam
808 2204 886 2270 nihil
915 2204 1042 2270 omnino
1067 2203 1229 2270 diversam
1256 2209 1428 2284 utrumque

247 2319 393 2379 secutum
421 2333 495 2380 6666
522 2334 614 2382 nemo
643 2317 791 2400 negabit:
828 2316 985 2399 66661166,
1020 2320 1057 2382 ut
1083 2316 1218 2381 eundem
1245 2314 1365 2380 fontem
1394 2317 1428 2378 61

246 2423 423 2507 Dionysius
447 2433 479 2492 61
501 2425 636 2494 Verrius
660 2428 838 2496 advocarit.

333 2536 380 2602 Ac
405 2535 581 2621 Dionysius
605 2559 630 2606 c.
649 2541 732 2624 3⁵2,l
760 2541 801 2606 61
825 2539 991 2624 Polybium
1014 2543 1186 2622 provocat:
1210 2557 1319 2605 verum
1344 2536 1427 2603 enim

247 2666 323 2713 vero
351 2668 414 2714 nou
450 2651 535 2732 apud
562 2650 651 2717 illum
685 2673 783 2719 unum
817 2672 891 2719 sese
923 2650 1088 2719 iuvenisse
1117 2651 1202 2716 hanc
1228 2669 1296 2715 rem
1324 2647 1428 2732 ipsius

247 2760 348 2824 verba
370 2759 529 2827 indicant:

474 2869 534 2934 »ὧν
557 2875 701 2938 ἐστικαὶ
728 2878 874 2956 Πολύβιος
896 2881 912 2937 ri
939 2878 1207 2959 ,lleynlnrtole'rrsco

333 2993 499 3076 Polybium
528 3001 636 3063 autem
664 3019 684 3064 a
711 2998 821 3065 Verrio
850 2998 1034 3064 consultum
1061 3016 1135 3062 6666
1158 3015 1217 3061 666
1240 2995 1346 3062 volam
1370 3012 1429 3059 nec

246 3102 422 3185 vestigium
444 3106 604 3188 reperies:
634 3130 697 3190 qua
720 3130 755 3176 re
777 3131 818 3176 ex
840 3111 944 3175 altero
968 3110 1023 3175 illo
1048 3109 1218 3191 scriptore,
1241 3127 1334 3189 quem
1357 3126 1429 3188 pro·

246 3214 327 3280 (1661
346 3214 492 3299 Dionysii
511 3222 620 3303 verba,
644 3221 732 3288 illum
757 3243 817 3288 sua
839 3221 990 3287 hausisse
1006 3223 1076 3286 veri
1096 3222 1196 3287 multo
1214 3219 1350 3286 similius
1367 3223 1428 3284 est.

333 3326 400 3392 Nec
423 3329 541 3395 desunt
565 3337 657 3399 certa
677 3333 807 3417 iudicia,
831 3333 947 3415 quibus
963 3332 1041 3399 freti
1057 3351 1219 3415 eruamus,
1243 3330 1315 3412 quis
1331 3328 1430 3395 fuerit
1471 3368 1474 3378 ·

248 3437 333 3503 61166
354 3436 409 3503 1116
427 3439 575 3524 Dionysii
598 3450 721 3511 666166.
758 3445 849 3511 Η666
873 3445 958 3511 enim
981 3465 1100 3527 eorum,
1125 3464 1207 3526 quae
1223 3444 1263 3508 de
1280 3442 1430 3508 Euandro

248 3548 349 3629 primo
374 3552 621 3637 archaeologiae
638 3556 720 3624 libro
743 3555 892 3640 inseruit,
914 3556 1085 3622 maximam
1104 3561 1229 3638 partem
1253 3553 1430 3620 eVanone

248 3659 461 3727 arcessivisse
485 3664 716 3751 hiesslingium
751 3675 882 3736 secutus
916 3667 981 3734 iam
1017 3687 1116 3749 supra
1150 3668 1270 3748 (613)
1305 3664 1427 3731 notavi.

249 3771 333 3836 hiem
357 3775 491 3840 veroin
517 3777 662 3846 Verrium
691 3781 806 3848 cadere
834 3799 871 3845 eo
896 3779 1103 3862 perspicitur,
1139 3777 1223 3860 6661
1245 3777 1348 3843 166116
1371 3777 1430 3842 Ρ6-

338 3994 360 4061 ¹)
379 3993 454 4046 Paul·
474 4015 500 4064 p-
511 3999 569 4066 220,
588 4001 611 4054 5.
650 4002 814 4066 »Palatium
832 4001 850 4054 1.
864 4019 885 4055 c.
898 4016 974 4053 66666
993 4000 1105 4064 Romae,
1124 3997 1277 4068 appellatus
1294 4001 1342 4062 est,
1361 3997 1430 4067 6661

249 4080 287 4132 ibi
299 4096 382 4148 pectes
394 4096 509 4146 pascens
527 4085 619 4142 161666
631 4087 803 4150 consueverit,
823 4086 1060 4154 6616661661666,
1078 4087 1095 4139 i.
1110 4103 1130 4138 c.
1144 4103 1245 4150 errare,
1264 4084 1302 4137 itt
1315 4084 1431 4151 pecudeo

249 4169 378 4232 solerem&
396 4165 454 4232 atii,
473 4171 542 4236 66661
553 4172 590 4227 ibi
599 4175 768 4244 Hyperborei
780 4173 844 4242 fllia
855 4173 973 4226 Pelenlo
991 4171 1163 4236 habitaverit,
1182 4189 1250 4238 6666
1268 4188 1301 4223 eae
1314 4169 1431 4223 Hercule

250 4254 384 4312 Latinum
405 4256 528 4324 pepen't3
557 4261 607 4315 6111
634 4262 756 4326 666166,
783 4259 852 4329 quod
878 4259 973 4312 Pallas
999 4257 1036 4311 111
1062 4257 1181 4327 sepultas
1208 4256 1258 4321 stt,
1286 4255 1433 4332 aestiment

251 4346 407 4413 appellant«
