3214 4942
716 357 925 419 ..55-

319 542 404 608 Pilli.
428 542 448 607 l.
465 542 485 606 l.
513 546 560 607 lt.
607 545 659 601 'oui
685 541 742 623 μὲν
770 543 828 624 γὰρ
858 544 1048 625 ἡρπασμέναι
1076 546 1245 628 θυγατέρες
1274 549 1331 607 τῶν
1355 547 1412 605 Σα-

231 655 323 731 βίνων
348 651 496 736 ὤφθησαν
520 654 731 737 ἀλλαχόθεν
758 653 885 712 ἅλλακ<
913 659 977 736 etq,
1002 675 1027 721 s,

318 782 493 850 Praeterea
520 782 560 848 cf.
585 781 676 848 Ovid.
701 800 730 846 v.
755 783 826 847 214.
874 785 1083 867 »Maestaque
1106 786 1248 870 focaea
1275 807 1409 868 corporo

231 902 310 960 ueste
337 899 458 979 tequea«
490 901 524 959 et
548 893 640 960 Dion.
664 893 706 975 li,
730 896 785 975 45,
813 897 841 960 5.
891 893 1040 978 »ἐσθῆτας
1064 893 1189 980 ἔχουσαι
1216 899 1408 978 πενθίμουςα,

233 1005 324 1071 Ouid.
342 1025 370 1071 v.
388 1010 460 1072 220.
496 1008 557 1072 »la
580 1014 696 1073 terram
712 1004 818 1088 posito
828 1009 1023 1088 procubuere
1043 1029 1143 1090 qcaa«
1170 1012 1205 1073 et
1220 1007 1313 1075 Dion.
1330 1008 1407 1074 ibid.

235 1121 488 1199 »apooue'aaoooac
512 1125 572 1184 τοῖς
595 1122 654 1179 τῶν
678 1119 877 1178 ἀπαντώντων
900 1121 1031 1199 suroca«

319 1245 471 1312 Videmus
494 1267 558 1313 non
574 1248 675 1313 solum
692 1266 763 1313 cum
776 1247 959 1330 Plutarchc,
977 1247 1148 1313 sedetiam
1164 1267 1234 1314 cum
1255 1248 1408 1332 Dionysio
1513 1331 1515 1334 Ι

232 1357 345 1423 Ovidic
369 1359 544 1424 nonnulla
567 1358 746 1425 communia
762 1377 845 1424 esse.
885 1358 971 1424 Duas
986 1358 1088 1440 igitur
1103 1358 1232 1425 fabulas
1248 1360 1408 1427 fastorum

231 1473 346 1534 auctor
368 1469 498 1535 videtur
520 1467 771 1536 contaminasse.¹
809 1470 922 1551 ltaque
945 1475 1003 1537 aut
1026 1473 1207 1553 complures
1232 1471 1410 1552 scriptores

230 1579 335 1647 volvit
358 1587 416 1646 aut
438 1600 535 1666 uinum
557 1581 679 1646 fontem
696 1581 825 1663 accivit,
848 1580 881 1646 in
898 1602 959 1662 quc
976 1587 1115 1663 utraque
1130 1582 1257 1648 ratione
1273 1588 1411 1648 narrata

231 1697 304 1756 erat
326 1691 382 1756 illa
405 1711 466 1757 res.
506 1694 613 1774 Atque
636 1694 696 1758 hoc
720 1692 847 1774 quidem
871 1711 941 1758 cum
963 1694 1068 1774 magis
1091 1693 1256 1775 proprium
1279 1694 1413 1761 videtur

232 1801 339 1868 Ovidii
360 1808 497 1868 naturae
520 1811 618 1884 atque
644 1803 768 1885 ingenii
791 1808 860 1870 tum
882 1803 992 1870 nescio
1021 1824 1062 1869 an
1087 1804 1152 1869 alia
1174 1805 1302 1872 ratione
1325 1825 1411 1872 ccm-

230 1915 394 1994 prcbetur.
435 1915 497 1980 Sed
513 1914 700 1996 priusquam
716 1913 816 1980 latius
833 1915 1087 1998 progrediamur,
1104 1915 1317 1982 intericieuda
1334 1922 1411 1983 sunt

231 2025 383 2090 hocloco
413 2025 570 2105 quaedam
599 2027 638 2090 de
661 2024 829 2091 Plutarchi
851 2015 1061 2108 Dionysiique
1092 2027 1278 2094 auctoribus
1301 2027 1335 2093 in
1357 2027 1409 2094 his

173 2171 176 2178 ·
230 2137 328 2201 rebus
352 2135 526 2216 expressis
566 2135 771 2202 Plutarchum
789 2136 922 2202 Catonis
938 2137 1124 2203 memoriam
1141 2137 1303 2221 exhibere,
1327 2159 1410 2220 quae

231 2225 343 2311 eadem
366 2252 513 2311 exstaret
536 2248 622 2328 apud
643 2245 778 2328 Livium,
802 2247 907 2313 Herm.
927 2248 1043 2314 Petrus
1067 2249 1214 2326 (Quelleu
1237 2249 1409 2316 Plutarchs

230 2378 260 2439 p.
279 2360 352 2427 156)
377 2356 565 2423 hlerkelium
594 2367 636 2439 (p.
659 2357 819 2432 LXXXII)
854 2364 986 2425 secutus
1020 2359 1139 2441 posuit.
1186 2361 1248 2426 Sed
1275 2381 1293 2426 e
1317 2361 1408 2428 Livio

231 2471 282 2551 34,
307 2475 335 2551 5,
360 2471 389 2550 8,
425 2489 485 2550 quo
515 2469 584 2534 lucc
608 2488 687 2535 urstis
714 2475 786 2534 erat
808 2470 995 2551 Merkelius,
1030 2472 1069 2536 de
1093 2472 1226 2538 Catonis
1249 2472 1409 2538 relatione

231 2579 311 2645 nihil
334 2579 480 2646 concludi
504 2600 600 2661 posse
616 2580 679 2645 iam
696 2576 767 2662 ipse
781 2581 898 2648 Petrus
916 2581 1004 2657 (hist.
1023 2582 1108 2649 Rom.
1125 2583 1216 2664 reliq.
1234 2604 1264 2665 p.
1281 2584 1408 2659 CLXV)

230 2690 401 2756 intellexit.
447 2691 516 2768 Qua
543 2711 579 2756 re
602 2692 757 2758 Catonem
785 2693 912 2770 nunc¹)x
935 2693 1062 2775 quidem
1092 2693 1224 2760 missum
1249 2694 1408 2762 faciamus

231 2807 265 2867 et
287 2823 345 2884 pro
370 2822 406 2867 ec
430 2822 585 2884 ponamus
608 2801 754 2884 ignotum
777 2804 867 2870 illum
890 2810 1055 2871 auctorem
1071 2825 1091 2868 a
1109 2805 1199 2871 Livio
1217 2805 1406 2872 adhibitum.

232 2913 296 2978 Sed
317 2933 358 2979 ue
381 2913 475 2980 huius
493 2913 619 2994 quidem
635 2915 853 2982 narrationem
871 2917 1059 2982 Plutarchus
1077 2920 1209 2983 secutus
1226 2923 1287 2983 est.
1327 2916 1407 2984 Nam

184 3097 185 3100 Ἴ
231 3044 302 3091 cum
326 3025 442 3090 Petrus
467 3025 573 3091 Ovidii
606 3026 729 3092 fontem
750 3027 877 3094 Liuium
910 3026 1012 3093 fuisse
1048 3047 1105 3094 suo
1139 3027 1209 3094 iure
1235 3030 1408 3111 negaverit

231 3136 285 3217 (cf.
303 3155 333 3218 p.
351 3139 400 3217 52¹,
423 3141 461 3216 ll,
496 3155 533 3200 co
563 3137 646 3217 quod
674 3137 916 3204 desideraretur
949 3139 1034 3219 apud
1064 3140 1148 3205 hunc
1181 3140 1340 3206 Hersiliae
1374 3149 1409 3207 et

229 3247 403 3313 infantium
426 3248 556 3330 mentia,
586 3267 627 3313 ne
650 3248 855 3315 Plutarchum
881 3250 1017 3332 quidem,
1041 3251 1073 3316 in
1098 3270 1191 3331 quem
1213 3251 1297 3317 idem
1320 3253 1409 3319 cadit

230 3364 329 3440 atque
351 3357 384 3423 in
408 3357 566 3441 Ovidium,
590 3378 631 3424 ex
653 3361 763 3425 eodem
786 3360 876 3426 fonte
899 3367 998 3443 atque
1022 3361 1147 3428 Livium
1171 3382 1228 3429 eas
1251 3383 1304 3429 res
1328 3357 1407 3430 hau'·

231 3470 317 3536 sisse
340 3469 477 3535 dilucide
500 3476 638 3551 apparet
660 3470 829 3553 ipsumque
859 3472 923 3538 iam
946 3472 1049 3540 virum
1072 3473 1161 3539 illum
1186 3474 1409 3542 doctissimum

232 3582 428 3646 sententiam
452 3581 526 3646 clim
539 3581 680 3663 positam
697 3588 843 3649 mutasse
859 3604 1049 3666 persuasum
1065 3587 1177 3651 habeo.
1217 3585 1406 3669 Dionysium

231 3697 339 3758 autem
356 3691 533 3758 Merkelius
556 3694 577 3757 l.
594 3695 615 3758 l.
632 3693 665 3758 in
688 3714 714 3760 c.
732 3699 773 3759 45
791 3715 859 3776 sqq.
876 3697 1017 3777 pendere
1034 3697 1120 3763 eCn.
1138 3695 1241 3763 Gellio
1259 3697 1407 3781 coniecit,

231 3802 286 3884 qui
301 3802 459 3868 citaretur
475 3823 501 3869 c.
519 3807 569 3886 31,
586 3805 657 3870 coll.
675 3806 712 3870 A.
730 3805 812 3870 Geli.
828 3810 912 3871 noct.
930 3808 999 3872 Att.
1012 3807 1097 3890 Xlll,
1115 3809 1165 3889 23,
1179 3811 1228 3872 13.
1258 3807 1302 3872 Et
1318 3814 1407 3874 certe

234 3913 409 3997 Dionysius
435 3913 531 3978 simili
547 3916 640 3981 modo
657 3922 756 3997 atque
771 3917 826 3982 Cn.
841 3917 964 3983 Gellius
985 3917 1125 3984 fabulam
1142 3917 1230 3983 illam
1247 3921 1406 3987 narravit.

230 4025 349 4090 Tamen
372 4009 483 4090 exstat
505 4025 537 4091 in
561 4028 633 4109 ipso
657 4027 765 4110 capite
789 4031 828 4092 45
853 4028 1029 4110 vestigium
1053 4029 1221 4112 quoddam,
1245 4049 1306 4111 quo
1331 4050 1407 4098 curn-

319 4246 341 4314 ¹)
360 4245 430 4298 Nam
448 4247 513 4299 licet
531 4247 677 4300 concidant
695 4247 820 4300 Merkelii
838 4248 969 4316 rationes
992 4254 1084 4301 tamen
1104 4249 1235 4304 Catonern
1258 4251 1309 4303 hac
1331 4251 1359 4303 in
1378 4270 1406 4305 rc

229 4331 300 4384 Livii
319 4337 457 4384 auctorem
477 4332 560 4385 fuisse
579 4333 708 4401 suspicor.
745 4334 798 4387 Sed
816 4334 849 4386 de
868 4351 900 4386 ea
917 4352 946 4385 re
965 4339 1067 4404 postea.
