3214 4942
683 367 873 435 „pm

187 562 333 626 Varrone
360 559 570 626 Plutarchum
606 559 675 626 sive
704 559 814 652 potius
843 559 985 631 lubam')
1020 559 1064 624 ihi
1093 561 1246 642 pendere,
1276 557 1370 624 immo

84 688 86 694 ’
186 672 382 738 multowveri
413 672 551 738 similius
578 677 658 753 puto
684 671 860 736 Varronem
889 679 1060 752 uhumque
1087 691 1255 754 narrasse,
1287 671 1372 736 sieut

186 785 226 848 de
248 783 362 850 Fauno
386 789 420 848 et
442 783 594 860 Fauna)
633 781 706 847 Alio
731 787 838 848 alitem
860 785 930 860 loeo
954 784 1275 863 (praesummas)
1299 783 1372 848 Plu·

186 895 333 976 tarchus,
355 893 435 959 item
457 901 494 960 ut
509 893 685 975 Dionysius
709 900 743 957 et
760 895 902 976 Servius,
927 895 1131 960 Carmentem
1148 894 1290 964 Euandri
1305 915 1372 959 ma·

188 1011 273 1071 trem
296 1005 400 1071 tuisse
422 1005 508 1070 dioit.
546 1005 663 1071 Vocari
684 1005 774 1070 illam
799 1005 931 1071 Themin
957 1006 1025 1072 sive
1049 1004 1307 1083 Nicostratsm.³)

278 1118 415 1195 Quorum
438 1118 600 1183 nominum
623 1117 703 1182 illurl
726 1116 915 1199 eDiouysio
932 1117 1009 1182 luha
1032 1117 1161 1183 videtur
1182 1117 1371 1199 sumpsisse,

190 1248 260 1294 eum
284 1229 467 1310 ceteroquin
492 1248 650 1308 nusquam
665 1231 813 1311 legatur,
839 1229 976 1293 alterum
1001 1250 1017 1294 e
1042 1229 1225 1302 Var·rone.⁴)

220 1367 222 1372 ·
275 1341 363 1418 Quae
392 1345 569 1421 sequuntur
593 1341 677 1422 apud
705 1340 810 1407 Servii
837 1340 1103 1421 interpolatorem
1128 1342 1169 1406 ad
1193 1343 1272 1406 Aen.
1288 1341 1370 1422 Vlll,

190 1454 251 1517 336
277 1450 377 1533 (lolli
400 1453 496 1518 huius
519 1453 643 1517 comites
660 1453 848 1518 Porrimam
870 1460 898 1517 et
914 1453 1112 1518 Postuertam
1128 1456 1268 1535 trorlmot,
1296 1453 1374 1534 qor'o

184 1565 312 1630 ratibus
334 1570 362 1629 et
380 1564 560 1646 praeterita
586 1571 615 1628 et
634 1564 754 1648 futrum
776 1571 850 1629 sumt
871 1564 996 1646 rrotor),
1021 1583 1060 1628 oa
1083 1584 1123 1628 ex
1145 1563 1251 1629 (hrioli
1274 1565 1373 1629 fastis

190 1675 227 1754 (l,
244 1676 320 1753 633)
348 1676 470 1740 hausta
494 1694 566 1740 esse
589 1683 739 1758 possunt.
779 1675 956 1740 Varronem
985 1681 1092 1740 autem
1125 1675 1220 1739 aliam
1245 1682 1375 1740 senteu-

185 1786 267 1852 tiam
291 1787 330 1851 de
354 1787 582 1853 Carmentibus
611 1786 760 1868 posuisse
784 1787 909 1853 Gellius
938 1785 1052 1852 aumoi·
1075 1792 1142 1867 est,
1172 1786 1225 1866 qui
1253 1788 1334 1851 haee
1358 1807 1375 1850 e

189 1897 335 1964 Varrone
359 1899 507 1966 servavit
531 1903 632 1972 (nost.
649 1900 719 1963 Att.
733 1897 819 1979 llVl,
836 1902 884 1980 16,
898 1899 939 1975 4).

280 2012 433 2092 »Quando
461 2011 577 2094 τρίταν,
601 2011 720 2093 mqm't,
747 2017 856 2075 rostro
885 2018 1036 2076 maturam
1058 2011 1145 2094 forte
1172 2013 1312 2076 νοντας)
1339 2011 1375 2076 r'rr

183 2123 296 2204 pedes,
325 2123 468 2188 brachiis
492 2123 681 2206 plerumque
710 2122 861 2204 diductis,
889 2122 1020 2187 retineri
1046 2123 1158 2204 soleret,
1188 2124 1377 2206 oeqrr'osqoe

169 2241 261 2298 -trme
282 2233 429 2298 mulieres
451 2234 622 2317 enitentur,
657 2236 754 2300 hmine
781 2234 921 2316 periculi
949 2235 1141 2315 deprecandi
1161 2237 1272 2316 prelio
1296 2258 1373 2300 orme

187 2351 323 2411 statutae
344 2352 418 2410 smol
440 2347 562 2411 Romo-e
585 2348 709 2411 duobos
735 2345 980 2427 Carmentibus„
1000 2367 1137 2426 pumma
1160 2346 1262 2411 altero
1288 2347 1375 2412 Post-

187 2464 275 2522 νοντα
298 2457 522 2539 eopnomr'roto
545 2465 598 2540 est,
624 2459 749 2523 Prorso
772 2457 884 2535 altero,
909 2479 930 2521 α
945 2457 1021 2522 recti
1038 2458 1242 2538 perversique
1258 2466 1376 2539 partem

187 2575 216 2633 el
236 2575 390 2650 potestate
412 2569 614 2634 ethomme«
671 2569 718 2634 Cf.
741 2569 874 2634 Tertull.
898 2569 948 2632 arl.
965 2568 1088 2649 nat‘ll,
1116 2573 1163 2632 ll.
1193 2573 1236 2648 (p.
1258 2575 1333 2651 llo,
1358 2574 1374 2632 7

191 2699 260 2760 sqq.
285 2680 335 2744 ed.
358 2679 790 2759 Reifferscheid-Wissowa).

274 2791 394 2856 Tamen
418 2792 636 2872 quaerendum
658 2791 798 2873 videtur,
822 2791 930 2856 aliane
952 2795 1125 2872 praeterea
1148 2791 1376 2856 ‹tesamenti-

188 2905 248 2969 bus
272 2922 374 2984 eaque
397 2901 516 2968 similia
539 2902 710 2969 ovidianis
735 2903 837 2968 Varro
861 2901 1044 2984 protulerit.

279 3117 301 3184 ¹)
321 3115 391 3167 Nam
414 3133 463 3184 per
485 3116 584 3167 Iubam
608 3115 787 3168 Plutarchum
807 3115 958 3182 accepisse,
982 3133 1051 3180 quae
1070 3114 1180 3166 exhibet
1199 3115 1378 3183 Varroniano,

189 3201 319 3254 Barthius
339 3201 408 3253 mihi
427 3203 570 3270 persuasit.

278 3306 302 3372 ²)
323 3304 363 3357 Cf.
382 3304 543 3357 Tem-ulliae.
564 3307 598 3358 ad
616 3312 671 3360 nat.
692 3307 734 3371 ΙΙ,
753 3309 779 3368 9;
805 3305 925 3357 hlaeroh.
945 3305 1051 3378 Saturu.
1072 3303 1098 3368 I,
1119 3304 1163 3370 12,
1183 3305 1228 3366 27;
1254 3303 1377 3358 Laetant.

189 3391 251 3444 inst.
272 3391 326 3444 div.
345 3392 367 3454 I,
386 3394 427 3458 22,
448 3393 487 3443 10.
524 3392 612 3444 Huius
632 3393 750 3460 exempli
770 3411 832 3443 eum
850 3391 1037 3456 meminerim,
1060 3389 1166 3441 Barthii
1193 3392 1378 3442 coniecturam

190 3476 263 3528 haud
277 3476 405 3530 inseitam
418 3479 535 3546 probare
549 3479 658 3530 dubito:
679 3479 726 3544 qui
745 3480 780 3546 (p.
795 3480 839 3544 37)
859 3477 999 3545 scripsisse
1019 3477 1197 3528 Plutarchum
1218 3482 1275 3526 »roo
1295 3476 1378 3528 Εὐάν-

191 3564 255 3635 δρου
279 3567 324 3613 τοῦ
346 3561 480 3636 Ἀρκάδος
502 3571 615 3636 μητέρα,
644 3569 761 3634 γυναῖκα
784 3561 917 3633 μαντικήν
941 3581 1015 3614 τινα<<
1046 3563 1199 3629 suspicatus
1229 3567 1276 3613 est.
1319 3563 1389 3614 Hae·

144 3680 147 3686 .
191 3652 283 3700 autem
302 3649 460 3701 coniectura
478 3650 581 3702 reiecta
600 3669 631 3702 eo
650 3669 666 3702 a
684 3650 799 3702 Barthio
819 3648 962 3713 dissentio,
983 3648 1055 3712 quorl
1075 3647 1145 3698 hane
1167 3665 1238 3714 rem,
1262 3648 1328 3699 item
1348 3655 1377 3700 ut

193 3750 223 3785 ea
242 3751 312 3800 quae
331 3735 508 3802 praecedunt,
528 3737 562 3787 ab
582 3737 641 3804 ipso
654 3737 786 3802 Varrone,
806 3753 861 3786 non
880 3751 895 3784 a
912 3733 1043 3799 Dionysio
1056 3733 1154 3784 Iubam
1173 3733 1283 3800 petiisse
1303 3739 1377 3801 puto.

279 3839 304 3905 ³)
324 3837 395 3891 Plut.
417 3857 441 3905 q.
461 3839 493 3891 R.
513 3841 546 3891 56
566 3841 618 3908 [ed.
638 3839 827 3906 Bernadakisl.
866 3836 929 3902 »τήν
948 3839 976 3888 ol
996 3841 1159 3908 Καρμένταν
1182 3838 1206 3886 oi
1225 3837 1275 3906 μὲν
1295 3835 1378 3888 lr'o'rir-

195 3925 259 3996 ὅρον
282 3930 383 3997 μητέρα
408 3927 532 3995 λέγουσιν
560 3919 644 3976 οὖσαν
668 3927 760 3976 Etaieis!
783 3928 820 3982 τῖς
848 3922 962 3974 Ἰταλίαν
990 3920 1195 3992 ὀνομαζομένην
1216 3929 1315 3992 Θέμιν,
1344 3920 1378 3981 alr

192 4007 218 4060 (Γ
235 4013 311 4076 ἔνιοι,
334 4010 525 4084 Νικοστράτην.
568 4013 713 4082 ἐμμέτρους
743 4012 771 4062 δὲ
796 4007 935 4081 χρησμούς
963 4009 1082 4076 ᾅδουσαν
1107 4004 1154 4058 arrd
1181 4013 1232 4059 τών
1256 4017 1379 4060 Λατίνων

195 4101 357 4168 Καρμένταν
374 4095 570 4168 ὀνομάζεσθαι.
607 4095 637 4149 ττὶ
657 4095 711 4170 γτὶρ
731 4100 777 4160 ἔντη
798 4093 918 4166 κάρμινα
938 4097 1088 4145 melorum«

280 4200 304 4266 ⁴)
324 4199 351 4250 C.
371 4199 453 4251 Aeilii
472 4200 589 4266 vestigia
607 4200 696 4252 Varro
714 4201 753 4252 ibi
772 4199 882 4251 videtur
901 4198 1039 4265 pressisse.

279 4283 318 4337 Cf.
339 4283 437 4336 Strabo
455 4285 488 4351 V,
507 4304 532 4353 p.
546 4288 597 4337 230
616 4287 652 4354 (p.
666 4287 729 4352 316,
752 4285 785 4336 25
809 4284 953 4350 hleinehe).
991 4283 1156 4349 Sohu'egler,
1179 4283 1242 4334 hist.
1262 4283 1341 4334 Rom.
1356 4283 1377 4349 I,

193 4387 217 4438 p.
231 4371 273 4436 80,
293 4371 315 4422 l.
353 4370 386 4422 H.
406 4370 496 4434 Peter,
515 4371 709 4423 historicorum
727 4372 805 4424 Rom.
825 4371 964 4436 reliquiae.
992 4387 1018 4436 p.
1034 4369 1128 4421 CXXI.

1138 4472 1173 4521 1*
