3214 4942
736 1219 815 1300 IV.

274 1439 374 1507 Solini
404 1461 509 1506 rernm
544 1439 797 1506 memorabilium
826 1440 1027 1505 collectanea
1055 1458 1127 1505 cum
1156 1441 1296 1506 maxima
1327 1460 1367 1505 ex

187 1557 277 1636 parte
306 1573 323 1618 e
351 1551 447 1618 Plinii
474 1551 632 1618 historiae
659 1550 821 1617 naturalis
848 1549 940 1616 libris
969 1550 1147 1632 compilata
1180 1549 1257 1631 sint,
1291 1551 1366 1634 alia,

186 1664 248 1730 etsi
271 1683 336 1730 non
362 1662 533 1746 permulta,
558 1662 623 1728 illis
646 1662 774 1728 inserta
802 1667 889 1745 sunt,
917 1681 999 1742 quae
1027 1661 1208 1728 doctrinam
1238 1661 1367 1728 minime

184 1776 450 1842 contemnendam
474 1774 629 1840 referunt.
676 1773 765 1840 lllum
790 1773 873 1839 enim
896 1773 1035 1840 rivulum
1058 1772 1222 1839 turbidum
1240 1773 1365 1855 quidem

186 1894 220 1954 et
251 1886 365 1952 exilem
395 1891 506 1950 tamen
535 1885 677 1952 derivari
708 1905 748 1951 cx
777 1872 873 1953 vasto
896 1883 1027 1951 flumine
1053 1884 1221 1950 doctrinae
1244 1885 1366 1950 aetatis

188 2000 353 2078 Augustae
375 1986 565 2077 versarique
594 2015 654 2062 nos
682 1995 734 2061 hic
764 1998 797 2061 in
824 1995 931 2062 media
958 1995 1139 2062 eruditione
1164 1995 1367 2062 Varroniana

190 2109 409 2190 Verrianaqne
439 2107 625 2174 Theodorus
654 2107 872 2174 Mommsenns
903 2107 1016 2190 (praef.
1044 2109 1085 2172 ad
1108 2107 1206 2174 Soliu.
1229 2128 1259 2190 p.
1277 2106 1366 2187 XVI)

186 2219 366 2286 rectissime
389 2217 509 2300 posuit.
554 2218 753 2285 Difficillima
781 2224 890 2285 antem
919 2219 1067 2300 quaestio
1094 2218 1234 2301 videtur,
1258 2224 1365 2285 utrum

184 2353 242 2415 per
267 2329 412 2396 Verrium
444 2335 571 2396 tantum
597 2329 800 2397 Varroniano
832 2330 1042 2412 pervenerint
1075 2331 1117 2395 ad
1148 2329 1290 2396 Solinum
1325 2351 1365 2396 an

181 2443 288 2524 ipsum
315 2441 493 2507 Varronem
523 2441 708 2508 adhibuerit
737 2441 777 2523 is,
808 2441 862 2523 qui
886 2441 987 2507 Solini
1016 2441 1138 2507 fontem
1161 2440 1365 2524 conscripsit.

183 2552 264 2620 Nam
300 2572 369 2619 cum
399 2551 533 2619 Verrius
559 2553 697 2634 plurima
722 2552 923 2618 Varroniano
958 2551 1019 2618 sibi
1051 2553 1222 2635 asciverit,
1256 2552 1285 2618 is
1313 2553 1369 2634 qui

183 2665 364 2732 Varronem
394 2663 518 2730 aditum
549 2683 621 2730 esse
652 2667 693 2730 ab
723 2666 788 2731 isto
819 2663 1029 2746 compilatore
1060 2663 1122 2729 sibi
1155 2663 1367 2747 persuaserit,

184 2797 239 2857 ea,
267 2795 365 2857 quae,
396 2794 468 2840 cum
495 2775 583 2841 iuter
609 2775 713 2858 ipsius
738 2774 896 2841 Varronis
922 2775 1106 2856 fragmenta
1136 2780 1270 2842 servata
1304 2796 1369 2842 non

184 2887 261 2969 sint,
289 2887 375 2968 apud
401 2887 534 2953 Festum
562 2886 738 2954 Panlnmve
760 2887 925 2969 leguntur,
959 2905 1000 2951 ex
1026 2885 1115 2952 illius
1137 2885 1230 2952 libris
1262 2891 1368 2952 trans·

180 3000 253 3064 lata
287 3017 361 3064 esse
394 3017 414 3062 a
446 2997 558 3090 Verrio
592 2998 687 3064 facile
720 2998 868 3065 coniciet.
936 2999 1059 3064 Contra
1092 2997 1135 3081 is,
1174 2997 1228 3078 qui
1261 2998 1368 3065 Verrii

180 3130 279 3192 quam
305 3108 460 3175 Varronis
492 3109 613 3176 scrinia
642 3131 662 3176 a
689 3110 790 3177 Solini
819 3110 919 3176 fontis
950 3113 1084 3175 auctore
1115 3108 1261 3191 expilata
1294 3129 1368 3176 esse

178 3220 347 3304 maluerit,
382 3220 411 3286 si
445 3241 527 3301 quae
556 3241 596 3286 ex
618 3221 713 3288 huius
743 3221 894 3303 operibus
918 3225 1062 3288 aetatem
1086 3221 1247 3303 tulerunt,
1282 3221 1369 3303 apud

178 3335 273 3401 illum
300 3332 540 3415 desiderantur,
575 3353 594 3398 a
618 3332 732 3398 Verrio
761 3353 886 3415 quoque
917 3353 956 3399 ea
986 3336 1236 3398 commemorata
1266 3331 1367 3398 fuisse

179 3447 407 3525 iacturamqne
442 3463 553 3510 earum
586 3463 693 3511 rernm
730 3443 998 3526 epitomatoribns
1037 3443 1147 3510 deberi
1183 3444 1269 3508 haud
1307 3442 1368 3509 dii-

179 3556 259 3624 ficili
285 3554 416 3638 negotio
444 3555 628 3621 contendet.
671 3554 782 3636 Neque
808 3556 892 3620 hanc
918 3574 1021 3637 neque
1048 3556 1137 3621 illam
1172 3553 1368 3621 seutentiam

180 3671 286 3735 habeo
310 3667 426 3748 quibus
453 3666 602 3751 refutem,
625 3686 684 3732 nec
704 3668 808 3749 magis
835 3666 945 3750 tertia,
970 3687 1052 3748 qnae
1079 3665 1176 3732 alicui
1198 3665 1368 3749 placuerit,

182 3782 238 3860 (ab
270 3783 409 3859 utroque
442 3777 533 3844 illum
567 3797 627 3844 sua
660 3783 842 3845 mutuatum
880 3786 966 3857 1331)
1008 3777 1134 3843 idoneis
1166 3776 1367 3859 argumentis

183 3897 241 3957 aut
278 3889 494 3955 demonstrari
532 3893 589 3956 aut
631 3889 807 3971 improbari
844 3894 963 3972 potest.
975 3889 997 3968 ¹)
1060 3888 1174 3969 ltaque
1212 3907 1253 3952 ne
1291 3907 1369 3953 con·

272 4093 295 4161 ¹)
319 4092 380 4145 Hac
406 4092 490 4160 igitur
517 4093 622 4146 ratione
650 4124 681 4131 -
713 4094 818 4146 collatis
847 4093 960 4161 singulis
983 4091 1126 4159 Varronis,
1153 4091 1257 4155 Verrii,
1285 4091 1369 4144 Solimi

183 4179 250 4232 locis
268 4209 301 4219 -
321 4195 383 4230 cum
401 4179 470 4231 nihil
488 4179 545 4232 fere
564 4180 710 4247 lucremur,
728 4181 789 4249 plus
808 4179 924 4232 fortasse
939 4180 992 4231 alia
1004 4178 1049 4231 via
1061 4177 1244 4246 proficiemus.
1272 4178 1369 4230 Dicam

186 4265 267 4332 »quid
285 4268 388 4334 putem,
407 4281 462 4316 non
481 4265 547 4333 quid
566 4266 754 4318 contendam«
785 4266 885 4320 Omnes
900 4265 980 4317 huius
994 4264 1068 4317 modi
1088 4264 1287 4333 compilatores,
1307 4281 1369 4316 cum

185 4356 326 4404 auctorem
345 4351 379 4404 ab
398 4351 463 4421 ipsis
483 4352 651 4420 exscriptum
669 4356 791 4420 taceant,
815 4369 897 4419 quam
919 4350 1067 4403 maximam
1090 4350 1230 4403 doctrinae
1249 4349 1369 4418 speciem
