3214 4942
767 1246 893 1372 X..

291 1538 424 1606 Servius
447 1539 480 1604 in
497 1537 738 1605 commentariis
762 1537 802 1602 ad
821 1536 957 1618 Vergilii
973 1536 1146 1602 Aeneidem
1169 1537 1256 1602 haud
1279 1555 1382 1618 pauca

203 1651 326 1733 profert
349 1651 388 1714 de
411 1649 529 1715 ltaliae
551 1649 679 1732 oppidis
703 1648 968 1731 regionibusque:
997 1667 1130 1730 quorum
1162 1667 1233 1713 cum
1257 1654 1382 1729 partem

201 1762 272 1844 ipse
296 1761 434 1826 Varroni
461 1761 596 1843 tribuat,
624 1761 689 1826 alia
718 1761 860 1826 eiusdem
885 1759 1066 1826 doctrinam
1094 1759 1268 1824 manifesto
1291 1759 1383 1824 redo-

202 1873 283 1954 lent,
306 1872 371 1938 alia
394 1892 456 1952 quo
480 1893 520 1938 ex
543 1865 675 1938 auctore
690 1872 864 1954 pendeant,
888 1871 1016 1938 dubium
1041 1872 1144 1937 adhue
1159 1874 1274 1936 restat.
1314 1870 1383 1948 Qua

132 2063 137 2074 Ι
200 2003 237 2050 re
259 2004 323 2050 non
351 1983 467 2049 inutile
495 1983 624 2050 videtur
652 1983 748 2064 paulo
776 1982 963 2049 accuratius
992 2001 1146 2064 quaerere
1174 1983 1213 2047 de
1244 1981 1382 2062 singulis

201 2095 267 2162 illis
290 2095 381 2161 locis.

288 2208 520 2272 Antemoarum
553 2205 781 2289 veriloquium,
820 2207 904 2289 quod
937 2206 1067 2272 exhibet
1106 2206 1194 2271 Serv.
1231 2206 1272 2270 ad
1301 2206 1381 2270 Aen.

202 2318 275 2398 Vll,
303 2320 361 2382 631
377 2320 413 2399 ¹),
441 2316 581 2383 Varroni
608 2318 719 2384 deberi
747 2339 764 2383 e
792 2318 873 2384 libro
902 2319 941 2383 de
968 2319 989 2384 l.
1015 2318 1050 2383 L.
1076 2317 1117 2399 V,
1147 2320 1187 2382 28
1216 2316 1383 2396 cognosci·

200 2449 272 2496 mus
281 2431 315 2504 ²).
362 2428 610 2510 Coniunguntur
632 2429 678 2494 ibi
700 2449 720 2494 a
744 2430 889 2496 Varrone
912 2431 1094 2495 Antemnae
1122 2447 1193 2494 cum
1220 2428 1283 2493 alio
1307 2448 1383 2508 quo·

202 2542 274 2606 dam
309 2540 442 2623 oppido,
477 2559 548 2605 cum
576 2539 773 2606 Interamna.
823 2541 1000 2621 Utriusque
1034 2545 1141 2606 autem
1171 2538 1382 2619 veriloquium

203 2650 366 2718 invenitur
389 2651 475 2733 apud
498 2651 587 2717 Paul.
611 2673 641 2733 p.
661 2656 712 2734 17,
737 2651 799 2728 6³).

289 2761 423 2828 Verrius
447 2781 517 2828 cum
541 2761 641 2828 libros
657 2765 697 2829 de
719 2764 740 2829 l.
757 2764 794 2830 L.
810 2784 874 2830 non
893 2760 1087 2844 adhibuerit,
1111 2760 1175 2827 alio
1197 2760 1268 2827 loco
1291 2781 1383 2844 prae-

204 2879 294 2940 terea
312 2873 490 2938 Varronem
507 2874 546 2938 de
563 2875 674 2940 eadem
699 2894 734 2939 re
755 2876 857 2942 verba
880 2872 997 2939 fecisse
1020 2877 1157 2954 apparet
1178 2891 1238 2937 neo
1259 2893 1296 2938 re
1310 2873 1384 2956 ipsa

202 2985 271 3051 veri
294 2982 449 3050 dissimile
473 2989 526 3049 est
547 2985 631 3051 idem
660 2985 694 3052 in
722 2985 955 3067 antiquitatum
983 2983 1076 3051 libris
1106 2984 1145 3049 de
1173 2983 1254 3050 locis
1283 2985 1383 3050 exsti-

202 3095 294 3162 tisse.
340 3094 486 3162 Servium
510 3116 702 3178 quamquam
732 3117 772 3163 ex
794 3095 1066 3180 antiquitatibus,
1094 3115 1158 3162 non
1186 3115 1203 3161 e
1229 3095 1311 3162 libro
1343 3097 1382 3162 de

201 3207 221 3273 l.
251 3207 286 3272 L.
314 3226 353 3271 ea
386 3207 628 3289 deprompsisse
661 3229 725 3275 non
758 3209 834 3274 inde
874 3207 1027 3290 efficitur,
1068 3208 1152 3288 quod
1185 3207 1383 3274 scholiastae

201 3320 302 3396 uerba
330 3338 393 3384 non
421 3320 519 3400 plane
548 3319 757 3386 consentiunt
785 3339 856 3387 cum
888 3319 1044 3392 Varronis
1066 3319 1087 3384 l.
1104 3319 1124 3384 l.
1149 3355 1188 3364 -
1213 3340 1285 3385 nam
1314 3320 1383 3386 tere

200 3449 364 3510 nunqnam
392 3430 433 3495 ad
464 3432 630 3508 verbum⁴)
664 3430 839 3513 exscripsit
872 3435 1037 3498 auctorem
1072 3450 1165 3497 suum
1199 3469 1240 3476 -
1274 3438 1382 3498 tamen

201 3540 289 3608 illum
310 3539 417 3623 ipsum
433 3561 559 3624 quoque
582 3541 816 3624 antiquitatum
831 3542 932 3608 libros
948 3542 1111 3624 expilasse
1134 3541 1219 3608 intra
1239 3543 1383 3610 tortasse

294 3771 317 3839 1)
339 3771 507 3825 »Antemnae
525 3773 616 3825 antem
635 3771 722 3824 dictae.
740 3773 818 3836 annt,
840 3773 909 3839 qnod
927 3787 973 3826 eae
990 3770 1080 3824 ananie
1092 3770 1281 3839 praeterfluit,
1306 3773 1384 3838 qrcnen'

203 3860 267 3910 ante
285 3874 393 3910 ananan
408 3857 537 3924 positae«

291 3960 315 4026 ²)
336 3960 488 4029 »Oppidum
507 3961 671 4015 Interamna
693 3961 808 4026 dictam,
832 3961 901 4030 qnod
923 3961 996 4014 inter
1018 3960 1108 4014 ananie
1130 3963 1171 4014 eet
1191 3961 1384 4028 constitntnnt,·

201 4042 266 4098 item
285 4047 447 4111 Antemnae,
466 4047 535 4114 qnod
553 4050 617 4101 ante
635 4047 734 4112 anania
752 4047 799 4114 qni
816 4047 897 4112 Anio,
915 4046 1010 4115 infinit
1025 4046 1055 4099 tn
1077 4047 1216 4100 Tiberin«

290 4150 314 4218 ³)
343 4150 536 4203 »Interamnae
562 4152 590 4203 et
615 4151 768 4204 Antemnae
796 4150 884 4204 diotae
907 4152 984 4214 erent,
1012 4150 1082 4218 qnod
1108 4150 1181 4204 inter
1208 4167 1300 4205 amnes
1327 4151 1385 4206 siret

197 4234 303 4302 poeitae
320 4237 361 4288 nel
378 4239 443 4289 ante
460 4252 487 4289 se
505 4236 626 4290 babeant
641 4253 756 4289 annea«

289 4338 313 4406 4)
334 4338 372 4392 Of.
392 4338 650 4392 Laemmerhirtium
668 4339 696 4391 in
716 4357 812 4392 comm.
832 4339 897 4408 phil.
917 4339 1024 4393 lenens.
1044 4339 1092 4402 IV,
1111 4359 1136 4408 p.
1150 4343 1201 4393 360
1219 4358 1258 4408 sq.
