3214 4942
687 349 899 412 ...23-

290 535 349 615 Qui
373 555 550 602 consensus
575 557 612 602 eo
636 535 768 618 gravier
790 536 928 620 videtur,
953 539 1037 619 quod
1060 557 1120 603 nec
1144 537 1257 605 Livius
1280 559 1384 621 neque

203 649 286 714 alius
317 647 486 730 quisquam
520 668 597 714 arae
630 648 717 715 illius
753 649 795 714 ad
825 653 953 732 portam
984 648 1199 731 Trigeminam
1233 651 1384 717 conditae

201 758 385 834 meminit.¹)

290 870 478 952 Dionysium
502 874 611 936 autem
633 870 666 936 in
690 871 741 936 his
764 872 861 937 rebus
886 892 903 937 e
928 871 1073 939 Varrone
1096 873 1285 954 plerumque
1307 893 1385 956 peu·

201 983 278 1048 dere
297 982 512 1066 lliesslingius
527 1003 557 1064 p.
576 985 690 1048 391111
713 981 784 1047 iure
807 981 869 1048 sihi
884 982 1060 1063 persuasit.
1098 981 1275 1050 Artissime
1299 984 1384 1052 enim

201 1096 282 1159 haec
310 1095 484 1160 cohaerent
512 1114 583 1160 cum
610 1093 662 1176 iis,
691 1113 772 1174 quae
800 1094 839 1158 de
870 1094 1021 1160 Euandro
1046 1095 1284 1178 Carmentaque
1311 1116 1385 1162 nar·

201 1205 299 1272 ravit.
346 1207 414 1282 Qua
437 1225 472 1270 re
496 1210 555 1271 aut
577 1210 749 1286 utramque
772 1210 831 1272 aut
853 1211 1003 1272 neutram
1025 1205 1247 1273 narrationem
1270 1207 1385 1273 11111·-

201 1337 279 1383 rone
313 1337 385 1383 eum
414 1316 593 1398 sumpsisse
628 1318 839 1383 statuendum
872 1322 934 1382 est.
997 1317 1044 1382 De
1073 1317 1247 1384 Carmenta
1275 1324 1384 1385 autem

201 1429 287 1496 1111111
304 1428 487 1494 memoriam
506 1427 694 1510 Dionysium
711 1433 857 1495 secutum
874 1448 948 1494 esse
963 1428 1027 1494 iam
1045 1449 1145 1512 supra
1161 1429 1385 1512 perspeximus

203 1545 306 1626 (1.2).
354 1541 444 1618 Quod
467 1559 539 1606 cum
561 1539 610 1605 ita
634 1540 688 1622 111,
713 1560 761 1622 11,
785 1560 868 1622 quae
892 1541 931 1606 de
956 1541 1092 1607 Hercule
1115 1539 1257 1623 rettulit,
1281 1541 1384 1608 eidem

203 1653 328 1720 arrctori
356 1651 522 1717 vindicare
555 1652 663 1717 nullus
698 1651 826 1734 dubito,
860 1654 1054 1733 praesertim
1092 1653 1255 1718 numiam
1287 1673 1386 1736 supra

203 1776 246 1847 (p.
263 1767 295 1840 4)
319 1784 391 1829 cum
408 1763 554 1830 Varrone
576 1763 609 1828 in
633 1763 742 1846 capite
763 1763 928 1830 tricesimo
953 1768 1069 1830 octavo
1100 1783 1171 1829 eum
1198 1765 1386 1847 conspirare

204 1875 540 1941 animadverterimus.

292 2007 336 2070 Ac
361 2010 535 2086 postquam
568 2003 616 2069 illi
643 2002 834 2086 Dionysium
862 2006 923 2070 hac
951 2004 984 2069 in
1012 2006 1199 2070 narratione
1228 2024 1300 2070 sese
1330 2005 1385 2070 ad-

207 2115 326 2182 dixisse
348 2115 441 2182 uohis
465 2114 699 2198 persuasimus,
732 2115 833 2182 Solini
856 2136 982 2198 quoque
1005 2119 1104 2183 verha
1128 2117 1385 2198 supralaudato

206 2206 244 2292 111
266 2228 376 2321 eodem
398 2246 551 2292 manasse
574 2226 606 2291 in
630 2229 802 2309 propatulo
827 2231 887 2294 est.

288 2339 377 2416 Quae
405 2343 584 2419 sequuntur
606 2325 812 2421 paragrapho
841 2343 959 2404 octava
984 2359 1041 2422 sq,
1074 2359 1112 2404 11
1135 2339 1284 2406 Gelliana
1311 2359 1386 2406 esse

202 2451 272 2532 ipse
307 2450 434 2516 Solinus
469 2450 652 2531 profitetur.
708 2449 767 2515 His
801 2450 903 2531 igitur
936 2449 1179 2532 praetermissis
1189 2452 1225 2533 2),
1261 2451 1387 2518 decima

201 2563 430 2644 paragraphus
452 2563 537 2627 unde
559 2561 708 2643 profecta
733 2560 786 2644 sit,
809 2561 875 2626 iam
898 2581 1100 2642 quaeramus.
1173 2555 1178 2563 ’

292 2691 375 2757 »Suo
403 2714 523 2774 quoque
550 2691 679 2757 mmmmm
705 2691 790 2755 ddum
812 2691 965 2756 Hercules
995 2691 1136 2756 instituit
1167 2714 1271 2775 arom,
1306 2715 1389 2776 quoe

203 2804 347 2869 rrcnmimu
370 2807 459 2886 opud
475 2804 640 2886 pontifices
656 2803 797 2884 deheim,
826 2824 950 2867 enimse
972 2825 1009 2868 11
1024 2793 1215 2886 Nisoslrote,
1232 2805 1389 2869 Emomdm'

203 2923 311 2998 rantra,
339 2937 421 2997 qmoe
449 2939 470 2980 a
497 2915 651 2981 coticim'o
678 2913 858 2980 (introeatis
886 2914 972 2980 dicta
995 2922 1047 2997 esi,
1077 2915 1289 2981 immortalem
1312 2937 1388 2981 com·

196 3028 364 3119 perisset«¹

288 3138 395 3218 Atque
428 3138 509 3202 haec
543 3137 668 3219 quidem
704 3142 852 3218 pugnant
880 3157 952 3202 11111
979 3137 1147 3220 Dionysio.
1198 3137 1280 3204 Nam
1313 3158 1385 3204 cum

203 3250 376 3315 secundum
411 3249 552 3315 Solinnm
586 3250 658 3331 ipse
692 3249 846 3314 Hercules
882 3269 971 3314 eram
1005 3248 1067 3314 sihi
1100 3249 1300 3335 instituerit,
1344 3254 1386 3318 ah

291 3473 314 3540 ¹)
333 3470 437 3524 Auctor
456 3472 489 3524 de
508 3471 612 3539 origiue
630 3488 654 3538 g.
668 3469 701 3523 R.
716 3487 737 3522 c.
757 3472 772 3521 6
792 3469 978 3523 narrationem
998 3471 1118 3540 exhibet,
1138 3489 1208 3538 quae
1225 3472 1388 3526 Verrianam

202 3558 357 3611 doctrinam
385 3558 416 3625 (Ι.
436 3557 518 3624 VIII,
546 3559 606 3626 203)
636 3557 837 3624 quodammodo
866 3557 978 3609 redolet.
1024 3557 1099 3610 Dicit
1122 3561 1213 3610 autem
1240 3559 1286 3611 ille
1313 3577 1389 3612 aram

202 3644 352 3696 Maximam
375 3645 408 3697 ab
428 3645 546 3697 Hercule
569 3644 723 3696 dedicatam
746 3660 804 3695 esse
827 3641 899 3711 patri
918 3643 1067 3696 inventori.
1105 3643 1163 3708 Qua
1186 3662 1201 3696 e
1229 3662 1259 3697 re
1283 3644 1305 3696 si
1328 3645 1388 3712 quis

203 3730 333 3783 Verrium
361 3747 587 3784 commemorasse
610 3730 685 3782 illam
707 3746 795 3794 aram,
823 3746 906 3795 qnam
933 3730 1028 3782 dicunt
1053 3729 1160 3782 Solinus
1188 3735 1215 3783 e't
1233 3731 1389 3799 Dionysius,

202 3817 398 3884 falsariumque
425 3818 541 3870 abusum
568 3833 626 3868 esse
647 3815 788 3868 Verrianis
808 3815 963 3880 coniecerit,
995 3816 1122 3882 equidem
1141 3833 1195 3868 non
1215 3817 1388 3873 adversabor.

203 3902 256 3956 Sed
286 3903 448 3971 primarium
479 3920 561 3969 quem
588 3905 688 3954 vocant
719 3901 824 3954 fontem
855 3900 1007 3954 Varronem
1037 3901 1121 3954 fuisse
1155 3902 1302 3970 Dionysius
1323 3905 1387 3958 satis

205 3988 294 4042 docet.

291 4093 315 4160 ²)
337 4091 384 4144 On.
405 4091 486 4145 Gellii
504 4090 656 4143 doctrinam
675 4083 828 4143 Varronem
855 4108 911 4143 non
938 4095 1114 4159 aspernatum
1145 4107 1204 4144 esse
1226 4091 1273 4146 IX.
1293 4092 1389 4147 disser-

203 4177 315 4230 tationis
336 4178 424 4246 capite
444 4178 644 4230 demonstrabo.
676 4177 734 4242 Qua
752 4195 790 4244 11,
809 4194 871 4229 cum
890 4180 979 4229 totum
997 4177 1055 4229 fere
1069 4177 1154 4229 Solimi
1168 4184 1251 4246 caput
1268 4179 1388 4247 primurn

204 4281 218 4316 e
235 4263 366 4316 Varronis
385 4264 462 4317 libris
481 4263 635 4316 derivatum
654 4281 711 4315 esse
729 4263 867 4329 videatur,
886 4263 954 4316 haee
973 4263 1054 4316 Gellii
1073 4280 1182 4331 quoque
1201 4282 1251 4332 per
1269 4265 1388 4318 eundem

204 4350 366 4418 scriptorem
385 4367 447 4403 eum
467 4350 602 4418 accepisse
622 4349 755 4417 suspicari
773 4348 845 4400 licet.
