3214 4942
662 210 875 276 ..79-

265 397 412 468 Servium
435 399 555 482 X,174
576 399 704 464 adferre
727 400 883 480 quaedam
908 397 1002 481 quasi
1026 399 1161 466 ePlinio
1186 398 1359 484 exscripta,

178 531 260 595 quae
283 529 347 578 non
368 510 525 594 leguntur
546 512 632 592 apud
654 509 814 577 naturalis
836 509 996 576 historiae
1020 516 1198 594 auctorem,
1222 532 1252 594 p.
1273 515 1359 594 dt,4

177 624 296 691 monui.
331 622 418 688 Haec
441 627 550 689 autem
574 626 653 688 sunt
674 621 732 688 illa
753 624 856 688 verba
870 620 975 687 Plinio
997 622 1083 689 falso
1106 623 1244 688 tributa:
1273 625 1336 690 »Pl
1344 625 1361 671 '-

176 736 252 802 ur'uo
274 735 438 801 Secundus
466 734 552 818 diod,
589 755 658 798 oum
691 734 728 799 in
757 734 835 800 aliis
862 734 1045 817 ropionibus
1073 736 1194 818 effossis
1223 737 1360 802 metallis

177 856 279 914 larua
307 846 375 912 sint
400 867 530 929 αααιαα,
561 848 650 928 opud
671 845 780 911 Iluam
803 847 859 911 doc
881 867 945 911 assa
966 845 1094 928 uvivum,
1128 849 1213 929 quod
1232 848 1361 913 sublato

175 965 386 1025 renascuntur
401 966 428 1024 et
442 979 570 1024 morsum-
585 960 623 1024 de
636 957 737 1023 isdem
753 957 829 1023 docio
846 957 1067 1040 effodiendum«
1107 957 1195 1035 Quae
1219 978 1272 1024 res
1289 978 1360 1025 cum

177 1071 263 1153 apud
284 1069 373 1134 illum
397 1088 554 1150 nusquam
577 1069 770 1151 reperiatur,
793 1067 959 1134 invenitur
982 1069 1069 1150 apud
1092 1068 1293 1136 Strabonem.

263 1181 370 1246 Sinai),
396 1179 438 1263 V,
467 1183 530 1246 223
552 1201 621 1263 sqq.
653 1190 696 1263 tp.
717 1183 797 1263 306,
826 1182 863 1245 31
889 1180 955 1260 Μ.).
1006 1181 1113 1240 »ταῦτα’
1139 1203 1172 1240 τε
1202 1182 1236 1262 δὴ
1266 1183 1360 1262 παρά-

179 1293 268 1364 δοξον
292 1294 308 1374 ἡ
333 1297 421 1374 νῆσος
448 1289 513 1376 ἔχει
545 1295 594 1353 καλ
618 1295 651 1353 τὸ
680 1294 717 1352 τὰ
741 1291 898 1374 ὀρύγματα
927 1293 1175 1374 ἀναπληροῦσθαι
1204 1294 1287 1353 πάλιν
1316 1296 1359 1373 τῷ

177 1405 280 1486 χρόνῳ
304 1403 339 1462 τὰ
361 1405 620 1484 μεταλλευθέντα,
649 1406 789 1485 καθάπερ
813 1404 883 1469 τοὺς
905 1404 1107 1484 πλαταρῶνάς
1130 1424 1204 1485 ῳασι
1231 1404 1301 1470 τοὺς
1325 1404 1357 1464 ἐν

177 1512 267 1594 Ῥόδῳ
290 1516 339 1575 καλ
362 1515 413 1597 τὴν
437 1515 470 1576 ἐν
495 1516 590 1597 Πάρῳ
614 1515 745 1598 πέτρανα
772 1519 838 1595 etq.
854 1534 880 1580 s.

263 1624 369 1703 uuida
405 1626 619 1692 Desideratur
649 1646 688 1692 ea
715 1626 827 1691 fabula
861 1627 947 1708 apud
972 1625 1119 1709 Plinium,
1150 1625 1358 1709 coniungitur

176 1733 231 1800 illo
261 1735 366 1803 Servii
395 1737 465 1804 loco
494 1737 590 1804 Plinii
619 1737 838 1818 Varronisque
866 1736 1030 1820 memoria,
1057 1735 1144 1802 inter
1167 1738 1358 1803 Strabonem

179 1851 212 1911 et
223 1847 400 1914 Varronem
418 1848 549 1932 saepius
564 1849 773 1916 manifestum
789 1867 983 1915 consensum
998 1849 1200 1915 intercedere
1216 1849 1359 1914 animad-

177 1958 348 2026 vertimus:
382 1979 489 2026 nonne
522 1960 556 2026 in
584 1965 698 2043 aperto
733 1965 785 2026 est
813 1959 999 2026 confudisse
1030 1960 1240 2027 scholiastam
1262 1960 1359 2025 Plinii

179 2070 396 2151 Varronisque
419 2073 543 2138 verbai
566 2072 636 2150 Qua
659 2091 676 2138 a
698 2091 735 2138 re
757 2092 820 2139 non
843 2071 934 2154 ipsos
961 2071 1034 2139 illos
1056 2072 1201 2139 Servium
1224 2070 1357 2154 legisse,

178 2182 235 2246 sed
257 2181 376 2248 citatos
399 2201 455 2249 eos
478 2183 511 2248 in
534 2183 625 2250 fonto
649 2204 706 2251 suo
730 2181 896 2251 invenisse
920 2185 1085 2250 concludo.

261 2291 327 2359 Neo
350 2312 427 2360 vero
451 2299 626 2362 concentus
648 2295 736 2362 inter
752 2297 946 2362 Strabonem
961 2294 1201 2377 Varronemque
1218 2296 1358 2378 explica·

178 2408 241 2486 tur,
258 2403 322 2470 nisi
337 2409 508 2488 utrumque
524 2426 565 2472 ex
580 2407 691 2473 eodem
707 2406 799 2473 fonte
821 2443 863 2452 —-
885 2406 905 2472 i.
923 2425 950 2472 e.
967 2427 984 2472 e
1001 2405 1129 2472 Timaeo
1147 2444 1182 2452 —
1203 2426 1272 2472 eam
1289 2426 1357 2472 rem

177 2517 354 2598 sumpsisse
369 2517 527 2598 ponimus.
556 2516 622 2583 Nec
638 2517 855 2595 certissimum
871 2516 1047 2600 vestigium
1063 2517 1278 2600 desideratur,
1295 2538 1357 2599 quo

175 2626 356 2692 luculenter
378 2634 539 2709 appareat
554 2629 637 2693 hano
660 2629 803 2695 fabulam
822 2648 964 2710 -quae
986 2628 1059 2711 ipsa
1082 2630 1356 2712 γραυσυλλέκτριαν

175 2736 320 2803 nonnihil
332 2736 447 2820 resipit
462 2775 497 2785 -
511 2758 547 2804 re
559 2758 638 2805 vera
651 2739 845 2806 Timaeanae
861 2739 997 2822 originis
1014 2759 1096 2806 esse.
1126 2741 1243 2806 Strabo
1260 2739 1355 2823 enim,

175 2854 347 2930 postquam
376 2849 541 2917 enarravit
568 2849 682 2916 miram
708 2851 797 2918 illam
819 2871 898 2935 rem,
926 2851 1038 2918 eadem
1064 2853 1126 2917 bac
1148 2853 1354 2933 paragrapho

175 2959 288 3042 paucis
310 2959 459 3027 versibus
487 2966 563 3044 post
591 2962 717 3043 profert
739 2965 834 3028 haec:
870 2960 952 3023 »ἔστι
979 2963 1013 3024 δὲ
1040 2964 1116 3023 κατὰ
1144 2964 1195 3045 τὴν
1217 2964 1356 3024 dilabor

175 3072 258 3153 λιμὴν
273 3068 400 3153 Ἀργῷος
416 3073 474 3132 ἀπὸ
490 3077 542 3155 τῆς
555 3070 682 3155 Ἀργοῦς,
700 3074 742 3141 ὥς
758 3096 877 3156 panea«
909 3073 957 3140 Ea
973 3093 1048 3140 vero
1066 3093 1083 3139 e
1100 3073 1229 3140 Timaeo
1246 3080 1355 3140 trans·

174 3180 244 3246 lata
266 3201 340 3248 esse
364 3181 524 3249 Diodorus
543 3182 595 3266 lV,
613 3186 663 3267 56,
680 3189 698 3249 5
723 3186 775 3261 (oi.
793 3189 844 3268 56,
861 3188 892 3265 3)
916 3190 1070 3252 testatur.
1106 3186 1196 3264 Quod
1219 3205 1291 3251 cum
1306 3187 1355 3250 ita

178 3290 231 3372 sit,
254 3291 344 3358 illam
367 3313 492 3375 qnoque
507 3294 651 3360 fabulam
667 3296 769 3362 eidem
786 3296 913 3363 auctori
929 3296 1095 3362 vindicare
1110 3297 1217 3363 nullus
1234 3297 1353 3362 dubito.

263 3402 416 3470 Omnibus
439 3410 549 3470 autem
572 3405 621 3471 bis
644 3407 725 3474 locis
749 3427 820 3475 cum
843 3407 1015 3474 Strabonis
1037 3408 1257 3489 Varronisque
1281 3427 1354 3472 oon-

179 3529 293 3577 sensus
305 3514 492 3582 referendus
510 3515 555 3582 sit
567 3517 609 3582 ad
621 3517 782 3585 Timaeum
796 3520 837 3583 ab
849 3525 986 3600 utroque
999 3519 1185 3601 expilatum,
1198 3519 1232 3583 in
1244 3525 1354 3583 cetera

176 3641 310 3705 quoque,
333 3645 414 3705 quae
430 3626 495 3693 illis
516 3626 695 3695 communia
711 3649 785 3695 esse
801 3629 966 3708 adnotavi,
987 3630 1071 3695 idem
1088 3631 1203 3695 eadere
1220 3629 1351 3694 conicio.

262 3734 329 3813 Quo
352 3738 457 3820 magis
482 3739 611 3805 eluceat
633 3739 763 3806 uberius
787 3739 914 3805 omnino
938 3739 1078 3806 Siculum
1105 3740 1194 3806 illum
1218 3740 1354 3822 exprimi

174 3843 364 3912 aVarrone
399 3848 432 3914 in
465 3849 557 3916 libris
592 3852 631 3916 de
658 3851 750 3934 locis,
783 3851 865 3919 haec
887 3851 1002 3915 addam
1028 3851 1240 3934 Varroniano,
1271 3871 1353 3932 quae

173 3955 258 4022 haud
273 3958 370 4023 dubie
385 3962 567 4026 revocanda
584 3968 659 4027 sunt
681 3962 722 4027 ad
739 3961 882 4027 eiusdem
899 3961 1067 4044 scriptoris
1084 3963 1352 4040 auctoritatem.¹)

171 4069 377 4078 ————-

262 4111 284 4178 ¹)
305 4110 438 4164 Catonem
456 4128 564 4178 quoque
583 4122 662 4165 usum
687 4130 744 4166 esse
763 4113 869 4166 Timaei
890 4113 967 4166 libris
990 4115 1049 4167 veri
1071 4133 1126 4167 non
1149 4113 1280 4166 dissimile
1303 4119 1352 4167 est.

173 4193 219 4262 [M.
239 4195 330 4248 Porcii
347 4197 431 4261 locos,
450 4197 496 4263 qui
510 4197 677 4251 Graecorum
696 4199 850 4252 doctrinam
868 4199 1001 4264 redolent,
1020 4200 1206 4268 Schweglerus
1225 4201 1354 4268 1,83,10
