3214 4942
773 1041 900 1122 VIII.

339 1256 373 1321 P.
398 1253 546 1321 Ovidium
570 1252 732 1320 Nasonem
757 1252 913 1317 Varronis
946 1249 1039 1317 libris
1073 1271 1166 1318 nsum
1201 1272 1275 1320 esse
1304 1252 1338 1318 in
1362 1273 1435 1320 con-

253 1366 366 1432 dendis
390 1365 488 1432 fastis
506 1366 540 1430 11.
554 1363 731 1430 1101110111ιο
756 1362 885 1429 statuit.
925 1363 1023 1442 Quem
1048 1363 1152 1429 secuti
1176 1370 1253 1430 sunt
1275 1384 1346 1431 cum
1370 1386 1435 1430 om-

253 1499 324 1562 nes,
340 1477 395 1560 qui
411 1477 514 1542 eidem
530 1482 649 1558 poetae
665 1495 796 1558 operam
812 1474 979 1558 dederunt,
1002 1480 1070 1540 tnm
1087 1475 1140 1557 qui
1157 1482 1233 1557 post
1246 1477 1434 1543 llerkelium

254 1587 416 1671 quaesivit
439 1589 479 1653 de
503 1588 649 1653 Varrone
672 1585 779 1653 Ovidii
802 1592 944 1668 auctore,
967 1587 1039 1652 Chr.
1058 1585 1276 1661 Huelsenus.¹)

339 1701 544 1767 Adversatus
574 1704 684 1764 autem
712 1704 763 1764 cst
790 1697 832 1764 iis
855 1697 893 1763 H.
908 1697 1145 1779 Wintherus²lz
1180 1699 1234 1780 qni
1258 1699 1437 1765 Varronem

254 1814 294 1877 ab
330 1810 444 1878 Ouidio
480 1809 659 1876 adhibitum
690 1829 765 1875 esse
798 1828 932 1891 prorsus
965 1809 1102 1890 negavit
1136 1810 1320 1893 omniaque,
1355 1830 1437 1891 quae

254 1921 538 2010 grammaticorum
562 1920 741 1988 doctrinam
764 1920 912 1986 redolent
934 1920 967 1986 in
989 1920 1077 1987 illius
1099 1921 1251 2004 carmine,
1274 1923 1316 1986 ad
1329 1920 1436 1988 Verrii

253 2034 365 2100 Flacci
398 2033 505 2100 fastos
539 2033 646 2098 redire
679 2031 816 2098 censuit.
862 2034 910 2098 Ac
944 2032 1050 2099 fastos
1074 2031 1268 2115 VerrianoS,
1304 2053 1437 2114 quorum

255 2145 397 2229 epitoma
421 2150 517 2211 erant
531 2143 614 2210 fasti
625 2142 841 2225 Praenestini,
863 2143 895 2208 in
913 2163 1007 2209 usum
1022 2149 1158 2210 vocatos
1176 2163 1248 2210 esse
1264 2145 1305 2209 ab
1322 2143 1437 2210 Ovidio

255 2255 456 2340 argumentis
479 2253 604 2321 idoneis
623 2253 810 2320 Wintherns
834 2253 942 2320 evicit.
979 2254 1042 2320 Sed
1064 2253 1097 2320 in
1121 2274 1158 2322 eo
1182 2275 1311 2322 errasse
1333 2255 1437 2321 virum

255 2368 385 2435 doctum
409 2368 514 2449 credo,
539 2366 621 2446 quod
645 2364 740 2430 nimis
764 2367 875 2448 multa,
900 2385 981 2447 quae
1004 2385 1044 2431 ex
1062 2365 1166 2432 Verrii
1190 2385 1286 2449 opere
1310 2367 1349 2432 de
1366 2387 1438 2435 ver-

254 2482 367 2545 borum
391 2476 632 2560 significatione
645 2480 808 2558 excerpta
824 2475 962 2558 legimus
979 2478 1065 2559 apud
1081 2477 1215 2543 Paulum
1229 2476 1438 2560 Festumque,

254 2590 286 2656 111
320 2589 409 2657 1111110
442 2589 539 2655 fastis
571 2607 697 2670 quoque
731 2589 835 2654 locum
869 2588 1023 2655 habuisse
1053 2587 1235 2655 arbitratus
1260 2589 1439 2654 Varronem

254 2700 381 2768 omnino
405 2701 587 2783 neglectum
611 2719 684 2766 esse
705 2701 746 2764 ab
765 2699 879 2766 Ouidio
895 2699 1015 2783 posuit.
1052 2698 1130 2766 Nam
1148 2699 1283 2782 primum
1300 2700 1438 2784 quidem,

255 2813 338 2894 quod
361 2811 494 2879 Ovidius
524 2811 630 2878 fastos
666 2830 702 2876 se
736 2811 855 2877 adiisse
891 2811 1021 2893 saepius
1045 2811 1115 2894 ipse
1143 2811 1232 2877 dicat
1267 2811 1438 2885 (Winther.

254 2927 321 3006 pt
346 2926 440 3005 sqq),
474 2933 537 2988 non
567 2921 654 2987 tanti
682 2922 835 2988 momenti
862 2921 941 2988 mihi
965 2921 1103 3004 videtur,
1138 2923 1250 3005 quanti
1271 2922 1327 2994 ille
1350 2923 1438 2990 fecit.

255 3033 365 3116 Neque
388 3033 481 3116 enim,
506 3035 569 3099 etsi
592 3033 732 3100 virorum
756 3034 921 3100 doctorum
946 3035 1100 3114 quosdam
1125 3033 1225 3101 libros
1241 3034 1381 3117 perlegit
1397 3035 1439 3100 ad

254 3145 480 3227 cognoscenda
504 3163 554 3227 ea,
578 3164 661 3226 quae
684 3143 1032 3228 carminefladornavit,
1055 3145 1170 3212 hocin
1194 3145 1249 3212 illo
1273 3145 1344 3228 ipso
1367 3165 1437 3212 eum

255 3275 401 3339 premere
424 3255 580 3339 oportuit,
603 3256 698 3321 immo
722 3255 851 3321 minime
874 3255 983 3321 decuit
999 3255 1188 3340 doctrinam,
1214 3277 1296 3339 quae
1311 3257 1438 3324 inesset

254 3367 288 3433 in
311 3366 463 3449 carmine,
491 3368 551 3432 hoc
573 3367 666 3433 modo
690 3365 889 3448 praedicare.
935 3367 1041 3432 Aliter
1063 3372 1172 3434 autem
1195 3388 1248 3434 res
1280 3387 1316 3434 se
1339 3370 1439 3434 habet

255 3498 327 3544 cnm
354 3479 486 3562 »fustis«
513 3476 590 3561 illis,
619 3497 753 3560 quorum
776 3476 910 3544 Ouidius
935 3478 1066 3560 saepius
1089 3479 1244 3546 meminit.
1291 3479 1351 3558 Qui
1374 3500 1438 3546 non

255 3595 350 3656 erant
384 3609 464 3672 opus
499 3587 733 3670 giammaticae
768 3588 935 3654 doctrinae
968 3591 1106 3673 plenum,
1142 3592 1198 3656 sed
1228 3590 1370 3674 tabulae,
1404 3590 1437 3657 in

255 3701 370 3784 quibus
393 3698 543 3766 adnotati
567 3703 662 3765 erant
685 3698 754 3765 dies
778 3698 897 3777 festi.³)
942 3700 1055 3783 ltaque
1079 3721 1135 3767 eos
1159 3701 1285 3783 quidem
1302 3721 1438 3767 comme·

345 3905 367 3972 ¹)
393 3904 455 3957 Chr.
480 3903 614 3970 Huclsen‚
641 3901 828 3955 Varronianae
856 3902 997 3958 doctrinae
1027 3921 1162 3972 quaenam
1189 3905 1217 3958 in
1241 3904 1332 3958 Ovidii
1360 3905 1437 3958 fastis

255 3989 373 4058 vestigia
391 3995 507 4043 exstent.
544 3988 633 4042 Berol.
654 3989 727 4040 1880.

344 4077 367 4144 ²)
387 4075 480 4128 Herm.
494 4075 631 4142 Winther,
650 4074 684 4126 de
701 4074 779 4127 fastis
792 4073 883 4126 Verrii
901 4075 993 4128 Flacci
1012 4077 1045 4129 ab
1063 4076 1160 4130 Ouidio
1179 4076 1317 4130 adhibitis.
1348 4078 1437 4132 Berol.
1478 4084 1480 4087 ’

255 4161 329 4216 1885.

344 4248 369 4316 ³)
389 4247 539 4301 Sescenties
559 4247 704 4316 scriptores
723 4248 762 4300 ita
774 4251 891 4301 utuntur
904 4247 989 4300 verbo
1009 4247 1146 4318 >parua
1164 4249 1212 4301 ubi
1231 4249 1264 4302 de
1283 4253 1357 4302 certo
1377 4268 1439 4318 quo-

259 4333 323 4386 dam
341 4333 412 4386 libro
430 4351 465 4387 ne
484 4334 598 4402 cogitari
616 4333 727 4402 quidem
744 4337 843 4414 potest.
