3214 4942
685 341 893 408 -75-

191 530 304 613 pania
335 531 428 596 inacta
465 529 737 614 Terracinam,
775 553 873 614 qnae
906 533 1123 616 ati-qnando
1156 535 1296 601 Ananr
1328 543 1383 602 ast

198 642 332 708 dicta«

285 752 365 819 Plin.
381 753 433 838 lll,
451 757 499 820 59.
528 756 730 823 »Terracina
752 755 905 838 oppidana
928 757 1043 840 tinpna
1061 758 1241 824 Volscornnr
1263 760 1382 825 Ananr

201 865 346 931 dictam«

220 1065 230 1073 p
283 976 372 1043 Paul.
389 996 418 1059 p.
436 980 488 1060 22,
509 981 556 1042 ll.
583 978 720 1044 »Ananr
734 982 916 1062 nocahatnr,
933 1001 1015 1064 qnae
1029 1003 1115 1047 nnnc
1134 983 1314 1048 Terracina
1335 985 1381 1049 cti-

198 1088 280 1154 citnr
296 1089 429 1155 Volscae
442 1090 555 1173 peratis,
571 1090 652 1156 sient
667 1089 876 1157 aitEnnins:
897 1093 1063 1158 anscntns
1073 1094 1220 1176 perdidit
1231 1095 1376 1160 Anaua«

283 1199 442 1266 Fortasse
469 1202 551 1266 haec
581 1205 753 1283 praetcrea
782 1201 887 1268 Servii
913 1209 1046 1286 propter
1080 1224 1289 1289 consensum,
1325 1206 1381 1290 qui

198 1309 373 1377 intercedit
400 1310 614 1394 interipsum
643 1316 678 1377 et
701 1312 843 1379 Solinum
856 1313 887 1396 ¹),
913 1314 1052 1380 Varroni
1074 1315 1271 1382 vindicanda
1293 1322 1378 1384 sunt.

285 1423 374 1489 Serv.
388 1421 441 1505 lll,
455 1425 528 1489 402.
557 1424 698 1491 »Penta
710 1425 797 1491 dieta
810 1425 860 1492 ael
875 1427 932 1485 ἀπὸ
949 1430 1002 1486 τοῦ
1018 1428 1176 1511 necandae,
1190 1429 1212 1495 i.
1226 1451 1250 1495 e.
1263 1428 1379 1512 actare,

198 1536 282 1617 qnod
303 1541 428 1618 captato
451 1535 589 1617 anpnrio
612 1544 657 1602 est
677 1537 815 1620 condita,
839 1537 887 1602 aet
909 1540 994 1620 qnod
1006 1547 1082 1620 post
1101 1540 1244 1606 relictura
1266 1541 1379 1624 Itinnr,

197 1667 259 1728 qno
280 1648 451 1713 ducebatur
474 1670 495 1712 a
515 1647 658 1731 Graecis,
683 1671 753 1714 earn
770 1649 887 1730 petivit
908 1649 1066 1716 civitaten
1083 1651 1320 1728 (Philoctetes.)
1337 1689 1379 1697 —

198 1792 240 1802 —-
263 1758 330 1824 Hic
350 1765 464 1841 postea
488 1794 526 1804 -
550 1795 592 1803 —
618 1759 682 1826 sihi
703 1782 846 1842 narcara
870 1761 1024 1827 Petiliam
1047 1762 1083 1828 in
1109 1763 1285 1830 Calabriae
1301 1787 1379 1848 par·

197 1869 280 1936 tibris
298 1869 407 1954 fecit«

262 1980 511 2064 hisarnam.
533 1985 670 2050 »Notnrn
682 1992 726 2050 est
737 2007 758 2050 a
772 1985 944 2051 Philoctete
951 1986 1106 2052 Petiliam
1119 1988 1379 2062 constitntanr.«²)

285 2093 427 2160 Solinum
454 2093 499 2160 ibi
523 2094 701 2161 Varronem
731 2095 822 2176 sequi
848 2096 902 2161 vel
924 2116 961 2162 eo
985 2095 1203 2180 intellegitur,
1231 2100 1315 2180 quod
1345 2100 1378 2164 in

197 2203 249 2287 iis,
269 2225 352 2286 quae
368 2207 568 2286 praecedunt
583 2207 623 2272 de
639 2207 818 2273 Praeneste
834 2208 962 2290 oppido,
985 2209 1139 2275 laudatur
1155 2210 1378 2286 Zenodotus.³)

198 2315 288 2382 Hunc
315 2319 423 2383 autem
450 2322 616 2384 auctorem
645 2339 666 2384 a
689 2318 835 2384 Varrone
865 2319 1005 2387 accitum
1032 2321 1135 2387 fuisse
1155 2321 1298 2403 weiusque
1321 2341 1379 2404 per

197 2425 297 2494 libros
320 2427 408 2494 illins
432 2429 619 2496 memoriam
641 2434 676 2495 et
698 2431 740 2496 ad
754 2430 964 2498 Plutarchum
988 2436 1021 2497 et
1044 2434 1086 2498 ad
1099 2433 1290 2522 Dionysium
1307 2455 1378 2517 per·

197 2539 328 2605 venisse
360 2559 444 2606 nono
474 2539 718 2608 dissertationis
749 2541 857 2624 capite
887 2543 1124 2625 perspeximus:
1163 2565 1226 2626 qua
1256 2565 1291 2610 re
1322 2547 1378 2612 So·

197 2648 296 2716 linnm
331 2670 456 2732 quoque
491 2652 561 2718 eius
588 2652 784 2720 mentionem
819 2655 1001 2720 abeodem
1030 2654 1187 2738 scriptore
1210 2656 1378 2739 accepisse
1463 2691 1464 2698 .

197 2762 268 2828 veri
291 2761 395 2829 simile
418 2768 480 2830 est.
526 2764 670 2847 Accedit,
694 2765 778 2846 quod
801 2785 841 2831 ne
864 2766 970 2831 altera
994 2764 1120 2847 quidem
1143 2767 1254 2834 fabula
1277 2789 1297 2834 a
1322 2771 1378 2834 So·

198 2871 264 2938 lino
287 2873 396 2940 relata
419 2875 652 2942 Vemanianum
676 2877 814 2943 colorem
841 2897 904 2943 non
928 2897 1006 2959 prae
1030 2897 1065 2944 se
1088 2879 1162 2944 fert.
1198 2879 1244 2945 Cf.
1260 2881 1377 2946 Varro·

196 3003 270 3050 nem
293 2987 379 3067 apud
403 2987 614 3054 scholiastam
639 2986 816 3054 Veronens
826 2989 891 3072 Vll,
906 2989 1007 3064 6.81.⁴)

286 3218 308 3285 ¹)
327 3216 397 3271 Satis
410 3219 483 3271 enim
495 3219 724 3272 Reitzensteiniue
743 3239 768 3288 p.
782 3218 833 3270 548
845 3219 939 3271 docuit
959 3218 1036 3272 »derso
1048 3219 1122 3273 Satin
1135 3219 1204 3273 anch
1217 3219 1282 3273 noch
1295 3221 1378 3274 (terrola

196 3301 283 3356 andra
310 3303 487 3373 Vermittlnnp
506 3304 547 3358 als
570 3305 613 3358 die
636 3305 681 3359 des
699 3305 808 3359 Plinius
829 3305 893 3358 oder
910 3304 987 3358 Meta
1010 3303 1052 3357 dic
1075 3305 1253 3372 antiquitates
1278 3305 1378 3360 Varras

189 3387 244 3457 sttr
261 3388 334 3442 eane
356 3391 607 3460 chornpraphischen
625 3391 739 3444 Partica
758 3391 867 3444 benntrt
883 3391 954 3445 aar«
990 3391 1045 3443 Nos
1065 3409 1173 3459 quoque
1191 3391 1220 3443 in
1238 3392 1284 3460 iis,
1308 3411 1377 3459 quae

195 3475 377 3544 praecedunt,
400 3477 506 3530 duobus
529 3477 594 3530 locis
613 3477 784 3530 Varroniano
803 3478 876 3547 apud
895 3477 1017 3530 Solinum
1040 3476 1283 3546 deprehendimus,
1308 3497 1377 3545 quae

195 3577 284 3629 neque
302 3579 317 3614 e
335 3562 425 3616 Plinio
443 3580 532 3630 neque
550 3580 565 3617 e
583 3563 655 3616 Mela
673 3564 760 3633 petita
778 3568 842 3616 sunt
860 3564 895 3631 (2,
914 3566 943 3626 73
962 3566 987 3626 2,
1007 3563 1057 3631 11).
1096 3563 1135 3616 of.
1154 3582 1180 3631 p.
1194 3565 1227 3615 69
1246 3569 1273 3616 et
1292 3566 1332 3616 74.

284 3648 308 3716 ²)
328 3648 368 3702 Cf.
388 3649 486 3702 Strabo
509 3669 534 3719 p.
548 3649 599 3701 254
617 3650 691 3718 (348,
710 3651 743 3701 28
761 3648 817 3717 Mt.
847 3657 957 3720 »κτίσμα
981 3646 1067 3701 δ’ἐστὶ
1093 3649 1253 3716 Φιλοκτήτου
1278 3651 1377 3720 φυγόν-

195 3751 238 3791 τος
260 3730 307 3798 τήν
323 3736 474 3802 Μελίβοιαν
496 3734 561 3788 narei
585 3734 700 3788 ariam«
739 3733 808 3788 Sane
827 3734 932 3787 eliade
951 3752 1033 3787 causa
1051 3735 1201 3787 secundum
1214 3736 1377 3790 Strabonem

195 3817 361 3886 Philoctetes
380 3822 470 3891 patria
488 3822 576 3874 cessit.

282 3906 349 3959 Cato
368 3906 440 3976 apud
451 3908 582 3977 Interpol.
597 3907 670 3961 Serv.
684 3907 736 3975 III,
753 3908 826 3959 tona
843 3906 996 3961 Philoctete
1015 3907 1141 3960 Petiliam
1160 3908 1299 3961 conditam
1317 3928 1376 3963 csse

194 3992 313 4059 nogara.

283 4079 307 4146 ³)
326 4078 452 4147 Solim2,
470 4081 494 4132 9.
533 4078 706 4144 >›Praeneste‚
724 4081 758 4132 nt
774 4079 940 4143 Zenodotae,
964 4096 981 4130 a
999 4079 1145 4132 Praeneste
1171 4079 1260 4133 Uliais
1282 4083 1376 4148 nepote

195 4161 261 4216 Lat'
241 4165 293 4216 tina
287 4163 381 4232 filio,
402 4167 436 4218 nt
424 4163 625 4218 tPraenestini
642 4167 741 4218 sanant
759 4164 835 4230 libri,
855 4165 1018 4229 aancato,
1037 4181 1114 4232 qnenr
1132 4164 1196 4218 inat
1185 4167 1213 4218 ta
1231 4163 1305 4234 ianas
1316 4167 1375 4234 sor

197 4248 306 4304 tnitoa
296 4253 466 4315 incarcerant,
484 4253 517 4304 nt
527 4251 612 4319 sanna
630 4252 678 4313 est,
696 4250 872 4319 Dipictiornrn
889 4267 1013 4304 corneres

284 4335 363 4407 ⁴o)f
363 4336 462 4392 ..Paul
486 4354 594 4410 quoque
617 4355 642 4406 p.
655 4338 702 4410 44,
725 4340 748 4396 7,
789 4337 898 4397 Servius
925 4338 959 4391 ad
982 4337 1049 4391 Aen
1068 4338 1136 4402 VII,
1159 4339 1208 4391 681
1232 4337 1375 4396 recedita
