3214 4942
672 321 882 384 ...77-

189 509 317 577 Timaeo
339 508 386 574 ibi
407 527 501 575 usum
525 526 608 591 csse,
632 507 698 573 etsi
719 527 794 589 non,
816 513 854 574 ut
876 507 963 591 alibi,
988 508 1135 574 laudavit
1157 508 1226 574 eius
1242 526 1367 573 nomen.

190 622 280 700 Quod
309 619 440 703 saepius
469 639 530 686 usu
557 617 668 684 venire
693 617 950 685 Muellenhofiins
978 619 1148 698 (deutsche
1173 620 1368 686 Altertums·

188 732 297 798 kunde
320 731 344 811 l,
359 752 389 813 p.
403 731 480 808 434)
502 729 636 796 monuit.
672 727 782 810 Neque
804 731 866 795 hoc
888 750 951 796 uno
968 730 1038 796 loco
1060 750 1110 813 ea,
1134 750 1216 812 quae
1234 730 1371 796 Varroni

189 842 441 925 vindicavimus,
470 843 555 924 apud
578 840 799 924 Lycophronis
827 839 1037 907 scholiastam
1061 847 1242 908 occurrunt.
1291 840 1371 908 Nam

189 953 326 1036 primurn
354 954 480 1034 quidem
503 952 614 1019 fabula
643 953 682 1018 dc
706 951 883 1018 Diomediis
907 952 1034 1034 avibuS,
1063 974 1157 1034 quam
1181 955 1267 1036 apud
1293 953 1372 1020 Var-

189 1084 299 1132 ronem
323 1071 356 1130 et
375 1066 566 1131 Strabonem
590 1062 771 1130 invenimus
795 1071 837 1146 (p.
858 1067 897 1128 65
911 1070 1011 1146 sqqh,
1035 1066 1146 1130 codem
1167 1067 1259 1131 modo
1285 1067 1371 1148 apud

190 1177 343 1243 Tzetzem
366 1177 408 1242 ad
430 1176 589 1264 Lycophr.
612 1177 674 1240 603
698 1174 794 1241 obvia
817 1174 907 1251 est.¹)
959 1175 1057 1253 Quem
1080 1177 1183 1243 locum
1214 1196 1284 1242 cum
1308 1176 1372 1244 iam

189 1287 448 1354 Muellenhoffius
464 1308 495 1370 p.
511 1289 575 1352 434
598 1306 616 1352 e
631 1285 760 1352 Timaeo
782 1305 935 1352 manasse
951 1285 1014 1352 sihi
1030 1289 1265 1370 persuasisset,
1283 1289 1372 1354 Stra·

190 1401 305 1465 bouem
339 1419 465 1482 quoque
500 1419 518 1464 e
546 1397 652 1464 Siculo
686 1401 820 1465 auctore
854 1417 894 1464 ea
927 1397 1142 1466 arcessivisse
1170 1399 1371 1466 Hnurathius

191 1511 335 1588 (Quellen
353 1511 487 1578 Strabos
510 1510 553 1575 im
570 1513 598 1574 6.
615 1510 711 1576 Buoh.
750 1509 875 1575 Cassel.
894 1511 985 1592 1879,
1002 1530 1032 1592 p.
1047 1512 1099 1583 31)
1117 1510 1226 1576 evicit.
1254 1510 1373 1576 Varro·

192 1641 263 1687 nem
288 1627 413 1704 autem,
443 1622 498 1704 qui
523 1641 658 1704 prorsus
680 1620 762 1686 facit
792 1639 862 1687 cum
886 1622 1089 1704 geographo,
1118 1621 1221 1687 cidem
1245 1623 1373 1688 auctori

191 1735 252 1800 hae
273 1733 307 1800 in
329 1754 365 1800 rc
389 1753 424 1799 se
447 1713 611 1802 addixisse
633 1732 667 1798 in
689 1736 841 1815 promptu
863 1733 953 1802 est.²t

276 1846 454 1912 Praeterea
467 1845 618 1910 Baiarum
633 1863 748 1910 nomen
766 1844 876 1909 eodem
892 1844 997 1926 modo,
1014 1863 1075 1924 quo
1086 1844 1190 1922 Varro
1208 1850 1242 1910 et
1255 1845 1372 1912 Strabo

192 1957 245 2035 (of.
271 1978 301 2040 p.
319 1958 388 2039 65),
425 1955 563 2021 Tnctzes
599 1954 824 2037 explicavit³):
859 1975 991 2036 quorum
1020 1962 1154 2038 propter
1182 1975 1373 2024 consensum

192 2088 262 2135 cam
286 2088 411 2149 quoque
433 2087 500 2133 rem
522 2087 540 2132 e
557 2066 686 2133 Timaeo
709 2065 885 2148 repetitam
901 2086 975 2132 esse
992 2068 1162 2144 contendo,
1180 2067 1373 2150 praesertim

192 2200 262 2247 cum
286 2180 402 2245 Strabo
425 2172 446 2245 l.
462 2179 483 2244 l.
508 2178 630 2261 optime
652 2176 827 2244 conveniat
850 2197 921 2244 cnm
945 2177 1095 2245 Diodoro.

283 2385 304 2451 ¹)
323 2383 408 2436 Paulo
426 2383 513 2450 magis
532 2383 615 2435 etiarn
634 2400 716 2450 qnam
736 2381 834 2435 Strabo
852 2380 1039 2450 Lycophronis
1064 2383 1223 2436 scholiastes
1247 2384 1374 2452 congruit

192 2488 255 2524 curn
274 2469 410 2536 Varrone,
435 2486 497 2521 oum
520 2469 578 2537 ipse
601 2485 722 2536 quoque,
746 2472 777 2520 ut
796 2466 869 2520 Serv.
888 2466 971 2534 VIII,
995 2467 1190 2521 9Diomedem
1213 2469 1275 2522 ideo
1293 2471 1374 2524 domo

193 2557 305 2610 cessisse
324 2555 438 2621 dixerit,
463 2555 536 2622 quod
553 2555 595 2607 ira
612 2553 727 2606 Veneris
747 2571 763 2605 a
781 2571 809 2606 se
827 2555 987 2606 vulneratae
1005 2571 1119 2606 uxorem
1141 2556 1260 2623 turpiter
1282 2557 1375 2610 vivere

191 2641 349 2695 invenisset.
386 2640 464 2706 Quod
486 2639 598 2692 Tzetzes
622 2657 637 2691 a
659 2639 770 2706 Dauno,
794 2639 867 2692 Serv.
887 2639 940 2705 XI,
962 2640 1011 2690 271
1032 2640 1066 2693 ab
1089 2640 1190 2708 Illyriis
1213 2642 1374 2695 Diomedem

192 2728 312 2800 occisum
332 2744 389 2780 esse
407 2725 500 2792 tradit,
519 2743 574 2777 non
587 2725 745 2794 discrepant
763 2726 836 2779 inter
854 2743 894 2778 sc:
914 2724 1043 2777 Daunum
1061 2726 1133 2777 enim
1146 2727 1271 2794 Illyrium
1290 2728 1374 2780 fuisse

192 2811 268 2864 Paul.
288 2831 313 2881 p.
326 2813 368 2879 69,
388 2813 402 2862 l
423 2812 523 2864 docuit.
560 2810 673 2863 Praeter
691 2810 817 2863 Tzetzem
838 2810 871 2864 cf.
890 2811 981 2879 ipsum
999 2810 1216 2879 Lycophronem,
1236 2813 1283 2879 qui
1300 2814 1375 2865 haud

193 2897 275 2950 dubie
294 2898 410 2950 eundem
429 2897 533 2950 fontem
553 2901 634 2963 atque
654 2895 812 2950 scholiastes
830 2897 869 2948 ibi
888 2901 997 2949 secutus
1016 2901 1065 2948 est.

280 3000 540 3068 ²)Plin.III,104
561 3001 733 3052 Hunrathius
756 3019 782 3069 p.
797 3000 828 3050 15
842 3017 881 3066 sq.
900 2999 935 3051 ad
954 3000 1160 3052 Artemidorum
1179 3001 1292 3053 rettulit.
1322 3001 1374 3054 Sed

193 3104 254 3140 cum
278 3087 355 3140 illurn
380 3104 413 3138 ex
436 3086 532 3140 eodem
555 3086 631 3138 fonte
654 3092 736 3153 atque
760 3085 887 3139 Verrium
910 3087 937 3137 et
956 3084 1080 3137 Servium
1099 3117 1130 3123 —
1154 3085 1202 3138 hos
1227 3086 1373 3155 scriptores

193 3172 363 3224 Hunrathius
383 3172 494 3224 omnino
513 3172 635 3240 neglexit
647 3202 680 3209 -
692 3171 825 3240 prodiisse
844 3189 927 3240 supra
946 3172 1165 3238 cognoverimus,
1189 3171 1235 3224 vix
1253 3172 1374 3225 dubitari

193 3258 306 3326 poterit,
320 3244 396 3325 ¹quin
414 3258 567 3311 Varronem
593 3257 631 3309 ibi
650 3257 755 3309 Plinius
778 3274 886 3324 quoque
909 3256 1044 3326 expilarit.
1081 3258 1204 3326 Apparet
1227 3262 1318 3310 autom
1341 3277 1375 3312 ex

193 3343 273 3395 unius
292 3344 374 3396 Plinii
392 3349 420 3396 et
439 3344 580 3396 Strabonis
599 3361 733 3396 consensu
751 3342 824 3395 hunc
843 3343 963 3410 Timaeo,
982 3343 1059 3394 illum
1072 3343 1189 3395 Varroni
1208 3361 1256 3394 sua
1275 3343 1374 3396 debere

195 3429 319 3481 concludi
337 3448 393 3482 non
411 3447 498 3499 posse,
517 3431 601 3482 immo
619 3447 659 3493 ea,
678 3447 747 3497 quae
765 3448 821 3482 non
838 3429 891 3481 nisi
905 3428 977 3498 apud
989 3447 1074 3480 unum
1087 3428 1208 3480 Plinium
1222 3435 1375 3497 congruunt

195 3531 256 3566 cum
276 3514 476 3579 Strabonianis,
500 3515 534 3567 ad
556 3515 762 3568 Artemidorum
786 3514 930 3568 referenda
952 3533 1010 3568 esse
1029 3514 1201 3567 Hunrathius
1225 3523 1298 3569 recte
1321 3535 1376 3568 mo-

194 3600 262 3653 nuit,
298 3600 388 3653 Aliter
405 3619 470 3654 vero
488 3619 531 3654 res
550 3619 578 3653 se
596 3601 680 3654 habet
699 3619 761 3654 curn
782 3601 828 3669 iis,
852 3619 921 3668 quae
944 3605 972 3653 et
995 3601 1067 3669 apud
1085 3601 1226 3667 Verrium,
1251 3600 1374 3654 Servium

194 3686 315 3753 aliosque
333 3686 464 3740 Varronis
483 3687 648 3756 expilatores
667 3687 853 3755 inveniuntur,
872 3687 1005 3753 aquibus
1024 3687 1230 3739 Artemidorum
1248 3687 1276 3738 in
1295 3706 1375 3740 usum

193 3777 321 3825 vocaturn
340 3790 398 3826 csse
416 3773 492 3824 nullo
510 3772 612 3825 indicio
631 3773 832 3841 comprobatur.
868 3773 994 3839 Itemque
1013 3773 1085 3840 inde,
1105 3773 1178 3839 quod
1197 3778 1306 3841 praeter
1324 3773 1375 3826 Pli-

193 3857 269 3909 nium
293 3857 366 3926 apud
388 3859 525 3911 neminem
549 3858 659 3910 illorum
682 3857 872 3911 Artemidorus
902 3863 1145 3926 commemoratur,
1169 3877 1231 3912 eum
1262 3877 1317 3911 non
1341 3861 1374 3912 ab

193 3943 252 4012 ipso
271 3943 394 3996 Varrone
413 3945 581 4013 exscriptum
600 3962 658 3996 esse
678 3944 820 3997 concludo.

281 4049 305 4115 ³)
325 4047 369 4099 Ad
387 4047 521 4116 Lycophr.
540 4048 598 4099 694.
629 4046 666 4100 »¹0
687 4052 769 4106 Βαῖος
786 4037 860 4107 οὗτος
878 4046 1039 4120 κυβερνητὴς
1062 4043 1095 4112 ἤν
1119 4045 1270 4114 Ὀδυσσέως,
1293 4047 1324 4108 ὂς
1341 4069 1375 4102 rs-

194 4131 319 4197 λευιήσας
336 4133 420 4203 intpp
439 4137 498 4205 περὶ
517 4136 655 4186 Σικελίαν·
681 4131 720 4203 ‹irp
740 4123 779 4185 'oei
803 4151 870 4203 poor
890 4135 1024 4198 κληθῆναι
1042 4134 1128 4192 Βαΐας
1152 4131 1196 4192 uic
1218 4134 1313 4199 νήσους
1330 4138 1375 4186 καὶ

195 4217 285 4277 πόλεις
297 4221 341 4271 καὶ
355 4217 400 4270 ro'v
413 4220 496 4270 liu'l'ov
515 4222 610 4290 λιμένα
623 4218 695 4291 παρά
708 4218 754 4285 τήν
766 4217 821 4272 κατ’
833 4218 945 4272 Ἰταλίαν
955 4219 1090 4291 'Aopmras
1110 4219 1187 4271 Idem
1201 4219 1272 4287 aputl
1285 4219 1375 4287 ipsum

196 4302 330 4372 Lycophr.
349 4323 374 4356 v.
393 4306 451 4358 694.
