3214 4942
733 324 944 410 ·..·2“0-

249 525 320 599 'cum
344 552 444 599 causa
467 532 536 599 eius
561 531 711 599 sacrificii
738 535 779 598 ab
801 532 856 599 illo
879 535 1009 615 prolata
1030 535 1127 616 plane
1150 535 1336 602 consentiat
1358 555 1429 603 cum

250 644 408 712 Serviane
435 643 532 727 (ΙΙΙΙΙ,
556 646 621 726 43),
651 663 744 725 quam
775 662 792 708 e
818 644 962 710 Varrone
991 649 1152 728 sumptam
1183 666 1257 713 esse
1279 646 1429 731 vidimus,

249 755 343 822 Festi
366 775 491 838 quoque
514 756 604 822 locus
628 755 730 820 eidem
753 756 883 821 videtur
904 755 1126 824 vindicandus
1289 836 1292 843 ¹

337 869 425 935 Fest.
443 888 473 949 p.
487 868 585 932 238a.
602 869 652 932 28.
688 867 814 932 »Plena
835 890 890 933 sae
909 867 1051 950 Tello[rc'
1072 870 1324 954 sacrificabatur,
1348 873 1431 953 qaod

243 979 396 1066 pecudis]
423 981 461 1046 id
484 1002 585 1064 genus
613 986 787 1045 censeretur
820 977 916 1054 (coni.
942 980 1026 1062 Urs,
1058 981 1165 1047 codd:
1200 1004 1269 1048 com
1294 982 1428 1064 seretur)

250 1093 348 1177 [sutis
368 1092 545 1175 inimicum,
569 1091 647 1174 quio
670 1097 769 1156 rostro
791 1088 913 1172 seru]eo
929 1091 1087 1174 fodiendo
1110 1093 1376 1177 corrumperetsd)

336 1203 482 1269 Vidimus
510 1201 611 1284 igitur
637 1201 812 1268 Varronem
842 1221 997 1268 narrasse
1019 1207 1128 1269 terrae
1151 1203 1334 1270 numinibus
1358 1224 1430 1286 por·

250 1336 330 1399 cam,
353 1315 467 1381 Libero
491 1334 623 1396 caprum
645 1313 813 1396 immolari,
842 1313 925 1394 quod
950 1333 989 1379 ea
1012 1313 1165 1380 animalia
1188 1317 1340 1381 obessent
1363 1315 1429 1381 fru-

250 1427 345 1510 gibus
368 1427 561 1507 vitibusque.

336 1538 421 1605 Idem
445 1541 553 1604 utitem
576 1536 714 1618 legimus
738 1538 822 1618 apud
847 1537 991 1603 Servium
1017 1537 1058 1602 ad
1082 1537 1198 1620 Georg.
1215 1536 1254 1621 ΙΙ,
1278 1537 1372 1617 380²)
1396 1542 1430 1603 et

251 1652 329 1715 Aen.
346 1649 401 1731 Ill,
429 1651 497 1731 118,
521 1648 575 1714 ubi
598 1649 637 1712 de
661 1646 778 1730 nausia,
802 1647 918 1729 quibus
942 1647 1091 1730 singulae
1112 1648 1266 1714 victimae
1290 1648 1429 1730 singulis

250 1761 312 1826 diis
340 1760 554 1841 immolentur,
582 1760 678 1841 paulo
707 1759 837 1824 uberius
865 1758 991 1840 agitur:
1021 1778 1101 1840 quos
1123 1760 1213 1826 locos
1242 1779 1259 1825 e
1286 1758 1430 1825 Varrone

249 1871 382 1938 flcixisse
410 1871 473 1936 iam
502 1851 723 1936 Sobmekelius
751 1870 771 1934 Ι.
793 1871 814 1934 Ι.
835 1891 866 1952 p.
883 1872 924 1934 30
951 1891 990 1935 ex
1018 1869 1105 1936 illius
1133 1871 1173 1936 de
1200 1891 1226 1936 r.
1242 1892 1268 1936 r.
1287 1868 1312 1952 Ι,
1335 1874 1364 1953 2,
1392 1871 1429 1934 18

249 1988 339 2049 recte
362 1982 504 2065 collegit.

334 2095 461 2174 Restat,
485 2097 522 2159 ut
545 2091 699 2174 dicamus,
723 2091 775 2157 cui
798 2092 880 2157 libro
903 2092 1066 2158 tribuendi
1090 2092 1157 2158 sint
1173 2112 1284 2158 omues
1301 2092 1334 2158 bi
1356 2093 1429 2175 loci,

248 2226 328 2286 quos
346 2204 485 2270 Varroni
507 2203 751 2270 vindicavimus,
799 2205 845 2267 do
867 2223 973 2270 rerum
997 2202 1177 2271 divinarum
1197 2203 1289 2270 libris
1313 2223 1352 2270 ea
1376 2208 1429 2270 de·

247 2317 316 2388 beri
338 2316 402 2381 iam
428 2335 527 2397 supra
551 2325 592 2397 (p.
613 2318 663 2386 18)
681 2314 866 2380 statuimus.
905 2315 1002 2380 Certe
1018 2319 1127 2380 autem
1146 2314 1246 2380 Varro
1269 2315 1429 2382 uberrime

248 2427 331 2493 dixit
354 2428 393 2492 de
416 2427 563 2492 omnibus
585 2425 636 2491 his
659 2427 768 2507 rebuS,
792 2444 874 2507 qnae
897 2427 1064 2507 pertinent
1086 2427 1127 2490 ad
1151 2425 1301 2492 sacrificii
1316 2426 1428 2510 ritum,

248 2539 280 2604 in
304 2538 391 2605 illius
415 2539 522 2619 operis
545 2537 625 2603 libro
643 2536 698 2602 lli.
737 2537 784 2602 Cf.
801 2536 1020 2618 fragmentum
1037 2537 1132 2602 huius
1147 2536 1222 2602 libri
1242 2538 1329 2618 apud
1345 2536 1428 2606 Non.

248 2670 279 2731 p.
296 2653 368 2731 220,
392 2651 433 2712 ⁴22
458 2647 662 2724 servatum.³)

338 2829 359 2894 ¹)
388 2826 427 2878 Of.
448 2825 525 2879 Ovid.
544 2826 605 2878 fast.
624 2827 646 2893 I,
659 2828 718 2893 672,
742 2827 764 2894 Ι,
776 2827 834 2888 349,
858 2824 905 2893 IV,
924 2828 981 2878 633.
1018 2824 1198 2893 Metamorph.
1218 2825 1276 2895 XV,
1296 2826 1343 2877 111
1369 2844 1428 2894 sqq.

248 2912 367 2964 Macrob.
386 2913 408 2964 Ι.4
424 2929 506 2980 supra
524 2913 560 2980 (p.
575 2914 615 2978 19,
635 2913 660 2980 1)
679 2913 696 2965 l.
717 2942 747 2950 —
768 2911 919 2978 Schmekel,
947 2911 980 2964 de
1000 2911 1134 2964 Ovidiaua
1157 2911 1345 2979 Pythagoreae
1369 2911 1429 2964 doc-

247 2999 335 3050 trinae
362 2997 578 3050 adumbratione.
615 2997 813 3066 Gryphiswald.
833 2996 908 3064 1885,
926 3015 952 3064 p.
965 2999 998 3048 26
1018 3015 1075 3063 sqq.

336 3084 360 3150 ²)
379 3083 563 3152 Interpolator
585 3084 613 3136 iu
636 3084 677 3149 iis,
701 3101 770 3151 quae
793 3081 893 3134 adiecit
913 3081 1015 3134 ibidem
1034 3083 1068 3135 ad
1087 3082 1174 3135 Servii
1192 3081 1428 3149 commentarium,

248 3169 293 3220 ille
315 3169 373 3236 ipse
401 3186 509 3236 quoque
527 3168 679 3221 Varronem
707 3169 848 3238 expressit.
887 3167 976 3234 »Quia
998 3168 1073 3233 vites,
1096 3185 1164 3235 quoe
1181 3168 1212 3220 to.
1229 3167 1326 3220 bonore
1344 3167 1430 3235 ipsius

241 3255 370 3324 fueruat,
389 3253 422 3306 ub
441 3271 469 3307 eo
487 3258 617 3308 comestae
634 3257 708 3319 elcut,
726 3255 816 3307 iratos
829 3252 910 3304 Liber
923 3256 1006 3320 pater
1023 3271 1084 3307 euru
1102 3253 1185 3306 occidi
1196 3253 1269 3322 jecit
1285 3256 1313 3306 ct
1329 3253 1353 3305 ei
1373 3253 1429 3306 tolli

247 3343 345 3403 utrem,
363 3339 393 3392 io
411 3356 461 3406 quo
478 3340 663 3394 milliariorum
675 3339 747 3409 fecit
759 3356 812 3408 pro
830 3338 887 3391 eiua
904 3338 1047 3392 vindicta«
1087 3340 1126 3392 Cf.
1140 3340 1291 3408 genuinum
1304 3338 1429 3392 Servium

248 3425 282 3478 ad
302 3425 349 3478 Ge.
363 3426 400 3493 ΙΙ,
418 3428 476 3478 384.

335 3513 359 3579 ³)
379 3512 513 3564 Iunonem
540 3512 655 3564 eandem
682 3529 740 3564 esse
768 3515 850 3577 atque
868 3510 1006 3563 Tellurem
1034 3512 1099 3578 quin
1117 3511 1206 3565 Varro
1232 3514 1374 3579 praeterea
1401 3511 1429 3562 in

247 3597 318 3649 libro
336 3597 402 3649 XVI
421 3598 584 3666 exposuerit,
605 3597 724 3650 dubitari
744 3597 846 3663 nequit.
882 3597 995 3649 Iunonis
1015 3598 1085 3650 sacri
1102 3597 1199 3650 habuit
1216 3596 1383 3650 mentionem
1402 3600 1430 3648 et

247 3683 276 3734 in
295 3700 385 3734 rerum
404 3682 587 3735 humanarum
606 3683 801 3750 antiquitatum
820 3699 852 3735 eo
870 3683 948 3750 libro,
968 3682 1014 3749 qui
1033 3687 1091 3735 erat
1110 3683 1143 3734 de
1162 3682 1265 3735 diebus.
1294 3682 1337 3734 Ibi
1355 3681 1428 3735 enim

247 3768 379 3820 Kalendis
405 3786 517 3837 porcam
544 3770 587 3822 vel
612 3787 711 3837 agnuam
735 3769 834 3821 Iunoni
854 3799 880 3807 -
909 3769 965 3821 scil.
984 3767 1104 3820 Lucinae
1122 3799 1154 3806 —
1175 3767 1323 3820 sacrificari
1341 3767 1429 3820 Varro

248 3853 361 3905 tradidit
379 3853 510 3921 (Macrob.
524 3856 546 3923 I,
566 3856 606 3922 15,
626 3857 676 3922 19).
714 3855 792 3920 Quod
810 3872 864 3907 non
883 3872 1005 3923 pugnare
1024 3859 1119 3907 eontra
1138 3854 1224 3907 Servii
1242 3853 1429 3906 testimonium

248 3939 365 4007 (Iunoni,
385 3940 457 4006 quod
477 3941 511 3993 sit
530 3946 633 4009 terra,
651 3959 763 4010 porcam
782 3941 869 4009 caedi)
888 3957 902 3992 e
921 3941 992 3992 libro
1010 3940 1044 3992 de
1058 3940 1074 3991 Ι.
1088 3940 1117 3992 L.
1128 3940 1160 4004 V,
1179 3942 1213 3991 69
1232 3940 1428 4008 cognoscimus.

250 4025 339 4090 „Iuno
358 4025 464 4079 Lucina
483 4026 555 4080 dicio
573 4027 613 4080 ccl
631 4027 700 4095 quod
718 4029 787 4080 cete
808 4029 891 4091 terra,
909 4029 941 4078 ut
953 4025 1062 4095 physici
1080 4025 1183 4090 ddunt,
1202 4029 1229 4079 et
1246 4025 1342 4078 lucet.¹‘
