3214 4942
665 329 875 393 ..45-

172 517 304 582 Terent.
322 516 438 600 Hecyr.
451 518 475 599 1,
488 519 541 599 20,
554 519 604 582 60.
639 517 813 582 Praeterea
838 514 967 582 collatis
990 515 1031 582 iis
1046 515 1138 597 Ioois,
1162 535 1241 597 quos
1259 534 1358 596 surpra

171 627 292 709 adtuli,
308 629 389 692 haec
405 627 650 710 interpolatoris
667 626 815 693 Serviani
831 625 969 692 Varroni
985 626 1136 692 videntur
1152 626 1355 693 viudioanda.

262 740 285 804 I.
309 739 363 821 IV,
388 741 457 804 103.
508 740 698 806 »Oouaeuta'o
727 762 761 805 ea
786 739 852 805 m'tu
868 739 1041 822 portuum,
1071 746 1107 804 ut
1128 760 1216 822 aqua
1238 746 1267 803 et
1286 737 1358 821 taut

171 851 343 934 adhibitis,
367 853 488 917 duobus
509 850 663 916 maximis
678 851 844 932 elementis,
871 857 992 916 matura
1007 852 1174 916 oom'uaata
1189 851 1359 914 habeatur:

171 984 259 1044 quae
281 985 331 1028 res
354 961 398 1027 'ad
413 962 584 1046 farreatas
606 963 738 1045 nuptias
754 962 901 1045 pertimet,
929 963 1043 1044 quibus
1062 961 1232 1046 flammam
1254 967 1282 1026 et
1295 963 1359 1044 fla·

171 1075 332 1139 mim'oam
354 1073 425 1139 iure
440 1073 605 1156 pontificio
628 1073 664 1138 m
687 1074 928 1140 matrimonium
943 1095 1063 1140 uacasse
1077 1081 1123 1139 est
1136 1070 1357 1142 couueuire.‹<¹)

264 1183 383 1250 Omnes
406 1185 466 1250 hos
488 1185 675 1265 nuptiarum
698 1183 783 1251 ritus
807 1184 966 1251 uberrime
987 1183 1021 1249 in
1043 1183 1136 1250 IibrIs
1159 1184 1199 1248 de
1221 1202 1252 1250 v.
1269 1181 1303 1246 P.
1322 1181 1356 1246 R.

175 1295 283 1361 Varro
307 1294 437 1361 videtur
459 1293 659 1380 exposuisse.
697 1295 826 1361 Partem
849 1315 957 1362 eorum
973 1295 1007 1361 in
1023 1295 1128 1361 Aetiis
1145 1313 1270 1377 quoque
1285 1313 1357 1358 nar·

174 1413 287 1472 ratam
310 1406 411 1472 fuisse
436 1404 605 1472 Charisius
629 1412 663 1471 et
687 1407 819 1474 Servius
843 1409 901 1473 eol.
920 1406 1000 1488 VIII,
1025 1411 1064 1472 ‘29
1088 1411 1261 1472 testantur.

268 1629 291 1696 ¹)
313 1627 387 1704 Quae
409 1628 578 1697 praecedunt
599 1630 702 1684 ibidem
730 1629 764 1682 de
787 1630 972 1699 coimptioue‚
1000 1646 1055 1681 non
1078 1646 1092 1681 e
1115 1629 1239 1682 Varrone
1262 1628 1360 1679 hausta

176 1719 248 1768 aunt.
281 1714 321 1767 Of.
334 1714 483 1767 Rossbach.
503 1715 519 1768 I.
533 1715 549 1770 I.
568 1736 594 1786 p.
608 1719 649 1786 74,
667 1719 731 1770 264:
752 1715 799 1783 qui
818 1715 871 1770 alio
889 1716 1027 1785 pertinere
1040 1715 1170 1768 Varronis
1183 1716 1269 1767 verba
1286 1712 1359 1782 apud

176 1800 298 1852 Nonium
316 1819 341 1868 p.
355 1801 414 1864 531,
433 1803 449 1852 8
468 1808 576 1856 servata
594 1804 700 1856 oensnit
719 1804 746 1872 (I.
759 1803 776 1854 I.
796 1822 821 1871 p.
835 1803 904 1870 376).
