3214 4942
732 320 945 383 -34-

246 524 362 590 tradit:
387 524 472 605 quod
496 543 567 589 cum
589 523 763 590 manifesto
788 525 963 590 cohaereat
986 541 1057 589 oum
1080 523 1136 590 illo
1152 523 1232 606 loco,
1256 524 1336 589 haee
1352 543 1429 605 quo·

247 643 316 718 que
343 634 447 703 Servii
477 635 614 701 Varroni
648 635 799 701 videntur
833 634 1014 700 tribuenda.
1056 637 1275 716 »tcupressusi
1310 635 1429 719 inseris

246 755 426 815 consecratu
448 754 500 831 est,
523 748 602 831 quic
625 769 718 813 cumn
732 769 897 830 nunquurn
911 746 1079 813 revirescit.
1125 747 1234 813 Meris
1249 754 1352 813 autern
1366 748 1428 812 Ro·

245 859 337 925 muni
364 859 479 943 fuerat
509 881 636 924 rurnuru
664 859 803 942 cupressi
831 859 905 925 unte'
929 861 1055 926 domurn
1070 859 1238 943 sunmtuu
1261 860 1354 942 poni,
1388 881 1429 925 ne

245 973 415 1055 quisquam
427 971 575 1055 pontiseu
583 992 646 1053 per
659 970 880 1053 ipnoruntiurn
889 970 1085 1053 pollueretur
1099 971 1289 1054 inpressus.«
1319 972 1427 1051 Atque

246 1081 329 1148 idem
353 1102 423 1149 mos
446 1100 620 1164 cupressos
645 1064 725 1146 xante
756 1082 883 1147 domum
905 1081 1068 1148 funestam
1092 1081 1232 1164 ponendi
1254 1089 1428 1150 enarratur

245 1196 286 1260 ab
313 1194 548 1276 interpolatore
575 1192 617 1258 ad
638 1190 692 1276 IV,
716 1195 777 1258 507
788 1193 810 1269 ¹)
843 1213 903 1259 nec
930 1213 994 1260 non
1024 1193 1172 1276 tangitur
1200 1214 1220 1259 a
1244 1193 1356 1260 Servio
1385 1194 1427 1260 ad

245 1304 299 1387 VI,
321 1308 393 1371 216.
439 1305 695 1389 Seculare.
735 1304 930 1388 »Cupressus
953 1307 1121 1372 actitetur
1151 1308 1196 1372 ad
1220 1307 1355 1391 sunuu,
1378 1307 1428 1372 uei

244 1419 329 1499 quod
350 1438 442 1484 cuma
464 1440 530 1484 non
551 1417 733 1500 repullulat,
756 1418 805 1484 uel
819 1419 904 1501 quod
912 1439 974 1501 per
989 1439 1059 1484 eunt
1068 1418 1239 1502 funestato
1253 1418 1428 1484 ostenditur

244 1530 364 1612 dorsus,
387 1529 469 1595 sicut
489 1530 605 1596 lueturn
621 1530 758 1614 frondes
779 1529 928 1595 indicunt
949 1529 1058 1611 festus.
1103 1529 1206 1596 Vurro
1228 1537 1333 1595 tumen
1349 1530 1428 1595 dicit

237 1661 344 1723 pyras
357 1640 428 1706 ideo
444 1662 588 1724 cupresso
611 1641 805 1707 circumdari
821 1648 954 1723 propter
974 1663 1104 1725 proceru
1123 1642 1269 1707 austrinae
1290 1643 1426 1724 eduen,

242 1773 282 1817 ue
319 1773 352 1817 eo
390 1753 570 1836 offendatur
596 1752 714 1835 populi
748 1752 983 1818 circumstantis
1017 1774 1149 1836 corono,
1187 1776 1269 1837 quuc
1302 1754 1427 1819 tamdiu

242 1865 349 1929 stcbut
380 1867 571 1946 respondens
600 1864 730 1949 fletibus
757 1867 929 1948 prospicue,
958 1865 981 1930 i.
1006 1887 1030 1931 e.
1052 1865 1202 1948 principi
1223 1866 1425 1948 planctuum,

242 1975 398 2058 quamdiu
425 1984 604 2059 consumpto
631 1977 784 2043 sudavere
810 1984 838 2042 et
860 1976 993 2043 collectis
1016 1976 1175 2042 cineribus
1197 1977 1351 2042 diceretur
1372 1999 1426 2042 no·

242 2087 408 2186 ciseium
429 2089 556 2154 uuburn
582 2087 710 2153 »ilicet«

283 2245 285 2250 ·
329 2216 414 2282 Sane
436 2217 497 2282 hoc
519 2216 590 2282 loco
604 2215 745 2282 Varroni
767 2215 864 2282 aliam
885 2215 1132 2298 explicationem
1149 2215 1281 2283 Servius
1297 2215 1424 2299 tribuit,

240 2345 323 2407 quae
346 2325 456 2410 priori,
486 2347 582 2409 quam
609 2327 827 2408 interpolator
850 2346 975 2408 quoque
998 2327 1052 2409 IV,
1076 2330 1137 2392 507
1161 2327 1329 2408 amplexus
1361 2332 1423 2408 est,

241 2436 416 2520 opponitur
439 2457 518 2505 voce
539 2447 689 2504 »tumen«
738 2436 804 2504 Nee
820 2458 897 2505 vero
913 2437 1002 2520 prior
1019 2437 1102 2505 alius
1118 2439 1262 2506 auctoris
1278 2439 1424 2521 putanda

241 2554 300 2630 est,
324 2551 382 2616 sed
404 2569 445 2615 ne
468 2551 552 2615 hanc
575 2548 700 2632 quidem
724 2549 1025 2616 nonVarronianae
1048 2549 1183 2632 originis
1206 2570 1281 2616 esse
1304 2549 1424 2616 ceteris

239 2661 331 2745 locis,
355 2681 435 2744 quos
461 2661 594 2744 contuli,
620 2659 704 2727 satis
721 2660 939 2727 confirmatur.
972 2659 1076 2727 Simili
1090 2662 1183 2726 modo
1201 2672 1234 2727 et
1250 2662 1334 2743 apud
1352 2661 1425 2726 Ser·

239 2771 325 2839 vium
349 2773 392 2838 ad
407 2773 487 2838 Aen.
501 2772 525 2854 Ι,
542 2776 604 2837 697
623 2771 777 2836 Varronis
799 2774 901 2837 verba
923 2772 1040 2837 vocula
1060 2780 1199 2839 »tunm«
1220 2778 1425 2854 opponuntur

145 2881 146 2886 ’
239 2883 368 2966 ceteris,
393 2884 449 2949 sed
474 2903 523 2966 ea,
547 2902 630 2964 quae
654 2883 862 2965 praecedunt,
885 2884 959 2964 ipsa
982 2903 1106 2964 quoque
1124 2883 1327 2950 Varroniana
1349 2902 1424 2949 esse

239 2994 311 3060 coll.
336 2993 439 3062 Nonio
472 3015 503 3077 p.
522 2996 594 3077 537,
619 2998 658 3058 li>
692 2993 861 3060 evincitur.
906 2993 974 3059 Hoc
1008 2999 1117 3060 autem
1150 2998 1221 3061 loco
1256 2996 1323 3078 (VI,
1347 2997 1424 3074 216)

239 3104 372 3172 Servius
396 3125 433 3173 eo
459 3105 566 3173 minus
590 3110 668 3187 apte
692 3104 826 3186 scripsit
849 3105 929 3172 illud
955 3115 1110 3190 »tuum«,
1141 3108 1226 3188 quod
1248 3108 1331 3174 duae
1353 3108 1423 3173 eins

239 3216 474 3300 explicationes
490 3236 525 3282 re
540 3236 620 3283 vera
634 3236 697 3283 non
715 3215 899 3282 contrariae
916 3222 1003 3301 sunt,
1027 3237 1101 3283 nam
1118 3217 1223 3283 altera
1240 3218 1281 3283 ad
1296 3219 1424 3284 domum

238 3328 413 3412 funestam,
437 3330 543 3395 altera
566 3328 608 3394 ad
630 3347 744 3411 rogum
768 3327 920 3409 pertinet

324 3457 435 3524 Tertia
457 3463 628 3541 praeterea
650 3456 736 3522 illius
760 3458 860 3523 moris
877 3477 977 3524 causa
993 3456 1166 3524 adicitura
1183 3457 1294 3524 Servio
1311 3459 1421 3524 eodem

328 3671 350 3739 ¹)
370 3671 459 3739 LIV,
481 3671 540 3724 507.
579 3669 714 3724 »Romani
741 3669 823 3724 moris
845 3670 908 3740 fuit
929 3673 1043 3738 propter
1070 3669 1248 3722 caerimonias
1274 3685 1421 3731 sacrorum,

238 3755 335 3824 quibus
347 3757 466 3825 populus
484 3755 626 3810 Romanus
643 3755 786 3810 obstrictus
804 3760 873 3822 erat,
892 3759 925 3810 ut
940 3756 1109 3824 potissimum
1127 3772 1274 3824 cupressus,
1293 3772 1362 3822 quae
1379 3773 1421 3808 en·

238 3843 293 3896 cisu
320 3842 426 3896 renasci
452 3859 507 3896 non
533 3842 607 3906 solet,
634 3841 663 3894 in
686 3842 814 3895 uestibulo
837 3843 938 3895 mortui
951 3845 1108 3911 poneretur,
1136 3858 1169 3894 nc
1187 3841 1246 3908 quis
1264 3842 1422 3909 inprudens

232 3929 377 3998 funestam
395 3928 504 3982 domrun
526 3945 583 3981 reru
602 3928 723 3981 diuinum
736 3927 868 3996 facturus
892 3929 1011 3981 introeat
1028 3930 1055 3981 et
1072 3928 1153 3994 quusi
1168 3928 1351 3981 attaminatus
1367 3944 1419 3981 sus-

238 4017 314 4082 ceptu
327 4031 459 4084 percepere
477 4031 532 4068 nen
544 4014 655 4082 possit«

308 4118 366 4171 -Ab
385 4118 580 4186 interpolatore
598 4121 708 4186 praeter
717 4117 871 4171 Varronem
880 4119 1009 4171 Verrium
1028 4135 1136 4186 quoque
1155 4117 1197 4170 his
1216 4117 1249 4170 de
1268 4117 1349 4170 rebus
1368 4117 1422 4168 lau-

238 4203 298 4256 dari
317 4221 399 4274 supra
418 4205 455 4272 (p.
468 4205 513 4272 32>
531 4204 657 4258 vidimus.
695 4204 753 4270 Qua
777 4221 806 4255 re
829 4204 897 4256 haec
920 4222 1028 4272 quoque
1046 4203 1218 4257 Varroniano
1238 4203 1353 4256 fortasse
1373 4220 1423 4271 per

240 4287 368 4342 Verrium
386 4287 516 4363 Flaccum
535 4289 569 4342 ad
587 4289 811 4358 interpolatorem
828 4293 979 4358 propagata
997 4293 1068 4343 sunt.
