3214 4942
727 1171 806 1252 VI.

267 1391 357 1455 Serv.
374 1390 416 1454 ad
439 1392 517 1454 Aen.
535 1389 574 1470 ΙΙ,
593 1392 662 1455 781.
691 1392 833 1457 »Tnsons
855 1371 956 1458 dictns
971 1395 1096 1477 Lydios
1119 1420 1141 1461 o
1156 1399 1267 1482 fratre
1286 1402 1363 1485 Tyr-

178 1501 282 1565 rheni.
306 1503 395 1566 Narn
409 1502 520 1584 Lndns
542 1508 571 1567 et
592 1501 776 1584 Tyrrhenas
798 1505 860 1567 dno
876 1505 1009 1588 fratres,
1034 1528 1103 1572 cnrn
1125 1530 1176 1574 eos
1194 1512 1365 1592 provincia

178 1634 248 1676 nna
275 1633 340 1677 non
370 1613 482 1696 ferret,
516 1613 552 1677 r‘n
578 1619 690 1677 sortern
716 1613 878 1696 miserant,
912 1623 948 1682 nt
975 1616 1090 1683 divisis
1113 1621 1214 1702 copiis
1238 1624 1366 1706 profici·

177 1730 313 1788 sceretnr
334 1746 418 1789 nnns
441 1726 486 1788 ad
506 1744 606 1788 nonas
630 1725 717 1788 sedes
739 1727 948 1805 quaerendas.
985 1728 1152 1813 Profectus
1179 1734 1363 1816 Tyrrhenns

180 1841 233 1916 est,
256 1835 313 1916 qni
335 1857 373 1900 eor
393 1858 450 1900 sno
473 1836 600 1900 nornine
619 1836 737 1900 Ynscos
757 1836 938 1919 Tyrrhenos
959 1841 1090 1906 oocaoit.
1126 1843 1235 1925 Lydia
1258 1853 1362 1912 antern

183 1946 266 2010 dicta
289 1953 341 2027 est,
370 1947 406 2011 in
434 1968 499 2028 qna
520 1947 629 2030 frater
657 1954 862 2012 remanserat.
888 1983 927 1991 —
950 1985 992 1992 -
1014 1987 1056 1994 -
1094 1954 1190 2019 Tnscr'
1214 1964 1316 2022 antern
1340 1981 1361 2022 a

180 2057 362 2140 frequentia
383 2057 535 2138 sacrificii
558 2057 634 2121 dicti
656 2063 739 2138 snnt,
763 2058 819 2123 troc
840 2067 885 2125 est
907 2060 964 2119 ἀπὸ
989 2065 1041 2120 τοῦ
1065 2062 1206 2143 tisana)

267 2165 330 2250 [ef.
348 2168 378 2234 S.
392 2167 475 2249 VIII,
500 2171 571 2249 479,
595 2172 767 2248 praeterea
790 2168 873 2234 Plnt.
892 2191 921 2251 q.
938 2170 974 2244 R,
992 2176 1042 2253 53,
1066 2173 1188 2241 Romul.
1205 2179 1245 2240 25
1265 2185 1359 2261 extr„

183 2279 269 2345 Fest.
286 2300 317 2361 p.
334 2280 433 2360 emb,
456 2283 486 2361 4,
510 2277 564 2360 qui
586 2277 670 2344 idem
695 2279 884 2364 stringunt]

267 2391 354 2455 Haec
377 2389 482 2456 Servii
504 2393 604 2456 verbe
621 2391 759 2458 Varroni
782 2391 1012 2460 vindicaverim
1036 2397 1204 2464 conferens
1227 2399 1358 2466 Tertull.

179 2504 219 2568 de
243 2507 345 2584 spect.
363 2506 381 2566 5
407 2506 452 2580 (=
470 2503 599 2568 Sueten.
617 2504 665 2568 ed.
683 2503 877 2597 Reiffersch.
888 2527 917 2586 p.
932 2507 1046 2583 322).2)
1084 2509 1209 2592 »Lydos
1223 2512 1359 2577 ercAsia

176 2623 366 2680 transvertas
388 2614 425 2679 in
440 2614 580 2680 Etrnria
603 2617 777 2681 consedisse
796 2616 948 2682 Timaeus
968 2618 1067 2701 refert
1088 2621 1163 2685 dnce
1182 2622 1358 2705 Tyrrheno,

177 2727 234 2808 qai
246 2726 349 2808 fratri
363 2748 420 2792 sno
436 2735 569 2793 cesserat
582 2727 674 2810 renni
690 2725 919 2803 contentionc.³)
953 2728 1060 2810 Iaitnr
1074 2730 1110 2794 in
1123 2730 1262 2798 Etrnrr‘a
1276 2733 1360 2799 inter

268 2917 289 2980 ¹)
308 2913 349 2965 De
366 2913 408 2980 iis,
427 2931 496 2980 quae
515 2913 588 2982 apud
605 2912 742 2965 Isidorum
761 2913 795 2964 nd
814 2912 929 2966 eandem
947 2930 1005 2966 rem
1024 2919 1157 2984 spectant,
1177 2916 1210 2970 of.
1230 2917 1357 2987 Kettner,

177 3018 249 3054 verr.
264 2999 340 3052 Stud.
354 3018 380 3067 p.
391 3000 415 3051 6.

266 3104 290 3172 Ι)
311 3103 350 3156 af.
369 3102 576 3171 Reifferscheid,
595 3107 699 3171 quaest.
718 3103 906 3157 Suetonianae.
926 3123 952 3174 p.
965 3105 1023 3156 464.

263 3189 395 3242 Schwarz.
414 3189 431 3241 Ι.
443 3189 459 3240 Ι.
478 3208 503 3257 p.
517 3191 576 3257 433,
598 3191 620 3242 1.

264 3295 289 3362 ³)
308 3293 463 3346 Herodotus
481 3293 503 3360 Ι,
516 3295 550 3345 94
567 3313 622 3346 non
635 3293 808 3363 Tyrrhenum
820 3294 982 3363 Lydumque
1000 3295 1098 3349 fratres
1118 3296 1229 3349 sortitos
1248 3315 1306 3349 esse
1326 3297 1359 3350 de

176 3396 260 3446 regno
278 3379 409 3446 narravit,
428 3379 476 3432 sed
494 3378 568 3447 Atyn
587 3397 679 3447 regem
697 3380 821 3433 emisisse
838 3380 926 3433 filium
944 3380 1126 3450 Tyrrhenum,
1144 3383 1233 3452 ipsum
1253 3383 1281 3434 in
1294 3383 1360 3435 Asia

175 3464 345 3518 remansisse.
381 3465 492 3533 Dionys.
518 3466 539 3533 Ι,
558 3469 600 3535 27,
628 3485 794 3536 quemquam
814 3467 938 3520 laudavit
961 3467 1140 3535 Herodotum,
1168 3472 1262 3520 tamen
1285 3467 1357 3522 illius

174 3550 335 3604 memoriam
359 3571 415 3606 non
437 3558 564 3607 accurate
581 3553 708 3607 reddidit.

346 3639 476 3692 Herodot.
490 3641 512 3707 I,
530 3641 570 3692 94.
952 3639 1062 3707 Dionys.
1078 3639 1100 3706 Ι,
1119 3641 1160 3708 27,
1178 3641 1202 3692 3.

228 3723 289 3776 »τόν
315 3727 425 3792 βασιλιίι
458 3723 544 3778 αὐτῶν
565 3726 670 3794 (Ἄτυν)
693 3723 741 3777 δόο
855 3723 999 3799 »Ἡροδότῳ
1023 3727 1052 3778 δὲ
1075 3729 1193 3798 εἴρηνται
1212 3724 1297 3784 Ἄτυος
1315 3730 1359 3778 τοῦ

174 3819 273 3882 μοίρας
291 3810 412 3864 διελόντα
432 3814 531 3864 Λυδῶν
553 3810 660 3863 πόντων
683 3814 740 3877 nin·
792 3811 894 3864 Marem
914 3814 1008 3871 παῖδες
1029 3814 1055 3863 oi
1076 3816 1136 3884 περὶ
1158 3809 1304 3882 Τνρῥηνόν.
1324 3842 1355 3849 -

175 3904 268 3972 (ιωσαι,
297 3895 342 3962 τόν
365 3899 416 3968 μὲν
434 3899 474 3949 ἐπὶ
501 3901 580 3968 μονῇ,
608 3895 654 3962 τήν
672 3899 740 3950 dini
792 3927 870 3936 —-
890 3899 1081 3969 διανείμαντας
1093 3893 1197 3950 ἅπαντα
1211 3895 1256 3950 τόν
1268 3899 1357 3968 δῆμον

173 3984 266 4054 ἐξόδῳ,
276 3986 321 4035 καὶ
340 3984 381 4035 ἐπὶ
399 3987 430 4053 τῇ
443 3989 537 4054 μένειν
550 3981 629 4035 αὐτοῦ
642 3985 740 4053 λαγχα-
792 3987 856 4054 διχῇ
874 3983 986 4057 κλήρους
1008 3987 1064 4042 ταῖς
1084 3991 1194 4056 μοίραις
1212 3984 1357 4050 ἐπιβαλεῖν,

174 4069 255 4139 rarior]
274 4067 395 4122 ἑωυτόν
414 4069 466 4123 τόν
488 4071 626 4136 βασιλέα
644 4087 739 4142 αροσ-
765 4044 767 4139 λ
791 4067 836 4122 τόν
861 4071 913 4140 μὲν
939 4071 977 4122 ἐπ’
1007 4068 1088 4140 ἐξόδῳ
1116 4075 1161 4134 τῆς
1184 4068 1284 4140 χώρας,
1313 4066 1359 4120 τόν

174 4156 319 4221 τάσσειν,
343 4148 384 4208 ἐνιὶ
410 4158 438 4208 δὲ
465 4161 495 4226 τῇ
518 4153 739 4226 ιῖνιαλλασσομένῃ
792 4157 859 4208 δ’ἕνιὶ
872 4160 950 4226 μονῇ,
964 4157 1008 4207 καὶ
1021 4161 1081 4207 τῶν
1096 4157 1208 4214 ”Ardor
1226 4157 1358 4206 παίδων

175 4241 220 4294 ιόν
246 4243 344 4294 ἑωυτοῦ
366 4244 458 4310 naida,
485 4247 520 4312 τῷ
542 4240 645 4312 οὕνομα
670 4239 739 4293 εἶναι
792 4239 845 4294 τόν
878 4243 938 4311 μὲν
973 4246 1016 4312 τῇ
1051 4246 1269 4314 προσνεῖμαι,
1305 4237 1358 4292 τόν

178 4325 339 4400 Τνρσηνόνα
792 4328 827 4379 δὲ
851 4331 909 4396 ιῇα
