3214 4942
661 332 866 392 ..49.

172 531 367 598 quamquam
395 513 490 600 paulo
519 516 659 598 uberius,
686 517 787 582 Varro
816 512 1008 600 tradiderat,
1039 533 1078 583 ex
1105 539 1167 599 quo
1191 515 1354 601 excerpsit

171 627 360 694 Macrobius
377 628 443 712 Ι,1,
459 628 596 706 281311)
631 625 690 712 [df.
704 648 734 710 p.
748 626 792 712 4.]
827 629 878 694 Ad
893 648 945 697 vv.
959 631 1066 712 onan,
1082 632 1180 704 63314
1196 630 1235 695 61.
1252 630 1353 696 Varro

170 759 228 824 ap.
245 737 325 805 Non.
341 760 372 822 p.
387 741 459 823 523,
482 744 533 824 22,
556 741 598 805 ad
619 759 672 806 vv.
690 741 809 814 635160
825 740 928 806 Varro
952 741 991 806 de
1006 741 1027 806 l.
1044 741 1080 806 L.
1092 740 1128 823 V,
1145 745 1200 825 453
1220 741 1286 825 Vll,
1302 746 1352 808 44.

262 850 459 917 Feralium
477 850 612 918 Ovidius
629 851 683 934 1ΙΙ,
702 851 874 926 1191111611
892 851 1104 933 veriloquium
1120 853 1254 936 profert,
1270 855 1354 935 quod

172 963 280 1029 Varro
303 962 465 1046 probavit.
511 963 559 1029 cf.
574 963 677 1029 Varro
700 963 740 1028 de
763 963 783 1028 l.
802 963 837 1028 L.
848 963 899 1045 Vl,
925 967 963 1027 13
993 968 1027 1028 61
1049 965 1134 1045 apud
1157 961 1353 1031 Macrobium

171 1075 196 1157 Ι,
221 1078 253 1156 4,
279 1079 328 1140 14,
376 1073 519 1157 VerrinS,
549 1073 604 1156 qui
632 1074 771 1140 alterum
793 1080 965 1156 praeterea
987 1074 1200 1156 veriloquium
1222 1075 1354 1159 adiecit,

172 1192 284 1252 utrum
303 1186 379 1272 ipse
401 1186 593 1270 praeferret,
616 1205 679 1251 non
696 1184 815 1262 dixit.²)
850 1185 990 1251 Maxime
1013 1191 1121 1252 autem
1145 1185 1258 1253 mirum
1281 1193 1354 1252 erat

173 1318 191 1363 6
216 1299 341 1364 duobus
355 1297 461 1363 Verrii
483 1296 670 1378 veriloquiis
692 1295 726 1361 id
741 1295 944 1378 potissimum
958 1296 1106 1363 Ovidium
1123 1298 1185 1363 sibi
1202 1298 1353 1382 elegisse,

174 1410 261 1490 quod
287 1408 388 1475 Varro
411 1410 619 1492 probaverat,
648 1408 676 1474 si
699 1407 767 1474 eius
789 1408 953 1474 sententia
980 1409 1075 1490 plane
1098 1408 1213 1492 ignota
1235 1409 1354 1476 fuisset

173 1519 309 1586 Nasoni.
355 1520 446 1598 Quod
469 1540 509 1585 ne
532 1540 611 1587 casn
634 1521 772 1603 quodam
795 1519 952 1586 eccidisse
976 1524 1136 1604 putemuS,
1161 1541 1198 1587 eo
1220 1520 1354 1604 impedi·

174 1653 257 1714 mur,
291 1632 375 1713 quod
404 1632 515 1697 eadem
546 1631 630 1697 ratio
654 1632 686 1697 in
709 1631 792 1696 alios
816 1651 940 1713 quoque
963 1630 1122 1696 fastorum
1144 1631 1233 1699 locos
1257 1633 1353 1698 cadit.

264 1741 413 1808 Parilia
436 1763 456 1808 a
472 1743 549 1808 Pale
565 1744 626 1809 dea
642 1742 776 1808 Ovidius
792 1743 846 1825 lV,
863 1747 921 1807 721
941 1741 1106 1821 derivat.³)
1142 1744 1249 1825 Atque
1271 1746 1354 1811 idem

178 1855 318 1920 Varroni
340 1854 463 1936 placuit
479 1855 531 1935 (de
547 1855 568 1920 l.
582 1855 618 1920 L.
628 1853 679 1931 Vl,
698 1858 766 1930 15):
787 1853 918 1920 Verrius
933 1853 1007 1919 hnic
1023 1853 1200 1936 veriloquio
1216 1857 1355 1922 alterum

181 1965 338 2032 adiunxit.

264 2077 353 2144 Paul.
374 2099 405 2160 p.
428 2081 505 2160 222,
529 2081 577 2142 12.
627 2078 745 2143 »Peles
772 2078 934 2144 dicebatur
961 2079 1020 2144 deo
1048 2085 1230 2161 postorum,
1266 2080 1356 2145 cuius

186 2189 261 2271 16116
278 2189 408 2256 Pallia
424 2190 625 2271 dicendarum
645 2189 703 2272 cel,
727 2197 763 2255 ot
781 2189 843 2255 olii
858 2189 976 2272 volunt,
1001 2190 1086 2256 dicto
1105 2190 1249 2273 Parilia,
1273 2193 1357 2273 qaod

181 2323 236 2382 pro
253 2309 354 2384 partu
369 2303 496 2384 pecoris
518 2301 618 2367 eidem
639 2323 735 2367 soora
754 2303 898 2383 delicat«

270 2413 363 2478 Vides
386 2411 432 2476 ibi
447 2431 572 2493 quoque
587 2410 734 2478 Ovidium
749 2411 904 2478 Varronis
922 2411 1112 2478 auctoritati
1128 2433 1164 2480 se
1180 2412 1355 2479 addixisse.

181 2523 378 2606 Wiutherus,
411 2531 519 2590 utrum
553 2523 723 2589 »Parilia«
757 2543 799 2588 an
826 2524 992 2589 »Palilia«
1024 2524 1226 2589 scribendum
1256 2530 1356 2606 esset,

180 2642 308 2718 poetam
333 2655 391 2703 suo
414 2635 484 2701 iure
506 2654 571 2699 non
593 2635 761 2700 laborasse
785 2634 966 2700 arbitratus
982 2641 1032 2700 est
1048 2639 1090 2717 lp.
1109 2637 1173 2713 30).
1213 2635 1274 2700 Sed
1293 2656 1355 2702 non

178 2747 212 2812 id
235 2748 339 2813 solum
361 2746 471 2829 agitur
494 2766 513 2811 a
535 2746 643 2827 Paulo,
666 2750 774 2811 utrum
797 2768 815 2811 r
840 2765 881 2810 au
905 2746 916 2810 l
938 2744 1051 2811 littera
1074 2747 1287 2827 praeferenda
1312 2747 1357 2814 sit

178 2858 212 2924 11
234 2860 292 2924 illa
315 2877 393 2925 voce
415 2895 457 2903 -
480 2877 553 2923 nam
572 2856 675 2923 Varro
700 2876 825 2938 quoque
852 2856 1023 2932 »Parilia«
1051 2856 1182 2924 admisit
1213 2859 1266 2935 (de
1289 2879 1314 2924 r.
1331 2880 1356 2924 r.

179 2969 217 3050 ΙΙ,
236 2975 264 3054 1,
282 2974 313 3042 9)
333 3006 385 3052 -,
417 2971 474 3036 sed
498 2989 561 3051 qna
584 2989 602 3034 6
625 2968 727 3050 stirpe
751 2969 882 3034 ductum
912 2967 956 3034 sit
978 2967 1058 3034 illud
1079 2988 1193 3034 nomen
1218 2976 1252 3034 et
1275 2990 1358 3050 quae

179 3081 211 3146 11
243 3101 280 3147 eo
303 3081 384 3146 insit
406 3081 457 3147 vis
480 3101 519 3147 ac
543 3080 725 3146 sententia:
750 3099 909 3160 quaeres
939 3099 996 3145 cur
1025 3081 1229 3164 neglegenda
1259 3080 1358 3146 fuerit

181 3198 307 3275 poetae,
342 3191 396 3274 qui
424 3211 521 3274 saepe
557 3192 737 3274 complures
773 3189 929 3256 eiusmodi
960 3191 1192 3272 explicationes
1216 3192 1357 3276 collegit,

181 3304 327 3386 equidem
350 3325 413 3369 non
436 3303 601 3387 intellege.
637 3303 811 3368 Praeterea
834 3322 896 3368 non
921 3309 988 3368 tam
1004 3304 1211 3369 memorabile
1227 3304 1358 3370 videtur

181 3435 245 3481 non
268 3415 388 3497 duplici
410 3415 537 3480 ratione
561 3401 713 3482 Porilium
736 3433 850 3486 nomen
873 3413 962 3479 illum
990 3415 1171 3495 explicasse
1196 3435 1291 3495 quam
1313 3415 1358 3480 ibi

182 3547 306 3609 quoque
322 3547 340 3592 e
356 3529 479 3593 dnobus
494 3525 659 3591 Verrianis
675 3525 908 3591 Varroniauum
925 3525 1129 3606 potissimum
1147 3526 1357 3606 veriloquium

182 3638 328 3705 Ovidium
353 3638 413 3705 sibi
437 3638 669 3719 adsumpsisse.

272 3853 294 3918 ¹)
312 3851 405 3903 Verba
426 3849 490 3902 inde
514 3866 529 3901 a
554 3852 601 3902 »nt
616 3848 723 3916 sonatio
740 3847 880 3915 sacrificiis
901 3847 1031 3915 infausto
1045 3850 1198 3900 arietarent«
1224 3866 1278 3899 non
1301 3867 1359 3917 per-

181 3937 270 3990 tinent
293 3936 327 3989 ad
347 3937 463 4003 Argeos,
486 3935 532 3988 sed
556 3935 590 3987 ad
610 3935 794 3988 Saturnalium
817 3933 949 4000 quosdam
972 3933 1048 3985 ritus.
1085 3933 1125 3986 Dc
1147 3934 1243 4000 Argeia
1267 3940 1359 3987 autem

182 4022 277 4075 eodem
296 4023 356 4075 loco
373 4022 526 4074 Varronem
544 4021 644 4074 dixisse
662 4021 809 4089 Dionysius
828 4021 851 4087 I,
868 4021 911 4086 38,
929 4021 945 4071 2
963 4018 1050 4072 docet.

269 4125 488 4195 2)Ρ1111Ι.ρ.85,
512 4126 551 4177 11,
590 4124 718 4178 »Feralia
742 4124 794 4176 diis
817 4123 943 4175 erunibus
964 4125 1073 4175 seer-olo
1087 4123 1174 4191 sesto,
1197 4139 1214 4174 a
1232 4123 1358 4192 serendis

182 4213 267 4281 epulae
283 4213 324 4264 nel
342 4230 358 4264 (1
372 4211 508 4280 feriendis
521 4210 668 4279 pecudibus
686 4211 847 4278 appellata«

269 4319 292 4384 ³)
313 4316 353 4368 Cf.
372 4315 491 4367 anlsen
511 4315 590 4383 1144.

1187 4416 1205 4466 4
