3214 4942
721 359 935 422 ..13...

239 545 306 610 lato
331 543 459 626 ominis,
482 543 503 609 i.
515 555 548 608 e.
573 542 679 610 hostis
703 542 865 626 adeuntis,
893 549 1063 628 aspectum
1085 545 1239 631 vitasset,
1263 547 1421 614 nihiloni-

238 676 299 722 nus
322 657 441 722 malum
465 673 559 721 omen
582 662 789 737 accepturum
813 655 916 722 fuisse
940 659 1068 739 statuit,
1091 657 1186 726 inuno
1210 658 1291 725 nihil
1314 659 1421 724 omina

239 769 407 850 valebant,
429 765 494 832 nisi
516 767 571 831 ille
595 765 674 848 ipse,
699 766 753 847 qui
776 786 815 831 ea
838 766 930 850 vidit,
954 769 1189 851 accepitetad
1206 770 1421 852 sepertinere

239 878 431 960 probavit.¹)

325 990 396 1055 Hae
418 990 519 1070 igitur
541 990 709 1057 Glaesseri
730 991 875 1058 rationes
899 1012 969 1058 cum
994 993 1163 1059 concidere
1189 994 1267 1060 mihi
1290 993 1422 1061 videan-

241 1111 309 1184 tur,
337 1101 434 1166 etiarn
462 1101 524 1168 alio
548 1102 641 1168 modo
670 1103 802 1184 probari
830 1107 941 1185 potest
968 1103 1098 1170 minime
1126 1105 1313 1173 coniectura
1339 1125 1420 1187 opus

243 1233 316 1278 esse
339 1212 372 1278 in
396 1213 499 1280 Servii
521 1213 641 1295 verbio,
666 1215 723 1279 sed
746 1215 918 1297 aptissime
934 1215 1054 1282 dictum
1079 1235 1152 1282 esse
1175 1218 1255 1282 illud
1282 1239 1331 1283 »so
1354 1239 1421 1283 eon-

243 1325 407 1391 nertissetn
444 1323 547 1391 Plane
570 1325 654 1391 enirn
677 1325 760 1391 idern
786 1326 965 1408 significari
987 1327 1028 1394 iis
1044 1328 1153 1395 verbis
1177 1328 1324 1410 equidem
1340 1332 1420 1410 puto

240 1440 337 1516 atque
367 1436 533 1502 Plutarchi
560 1437 669 1504 Verbis
700 1437 980 1521 ,ἐπικαλυψάμενος
1008 1441 1059 1522 τὴν
1092 1441 1197 1500 θυσίαν
1226 1440 1420 1522 ἐπετέλεσε“,

238 1545 258 1613 i.
276 1566 302 1612 a.
320 1547 428 1629 capite
441 1549 551 1615 velato
576 1568 646 1614 earn
664 1548 815 1614 sacrificii
829 1555 969 1634 partem,
986 1571 1068 1632 quae
1084 1554 1245 1635 restabat,
1270 1551 1420 1633 perfecit,

240 1658 306 1723 scil.
340 1677 375 1724 se
406 1659 578 1726 convertit.
631 1660 679 1726 Eo
714 1660 798 1726 enirn
833 1681 913 1743 opus
944 1661 1048 1728 fuisse
1081 1663 1115 1728 in
1149 1663 1252 1730 sacris
1287 1668 1420 1729 constat

240 1766 628 1851 [Marquardt·Wissowa
658 1771 717 1855 lll,
746 1775 823 1855 179,
852 1771 885 1856 7]
920 1778 1018 1854 atque
1047 1774 1127 1839 illud
1152 1775 1257 1856 ipsum
1287 1777 1420 1842 verbum

244 1890 464 1965 »συναινέσεις
489 1903 550 1963 quo
571 1883 677 1950 utitur
694 1884 808 1966 Varro,
824 1885 893 1952 sive
913 1886 1181 1953 »einenmnentene«
1208 1906 1272 1953 vox
1294 1886 1421 1952 sollem-

215 2010 217 2015 ·
240 1991 291 2058 nis
315 1993 444 2060 videtur
465 1993 578 2061 fuisse.
1016 2012 1020 2020 '

325 2104 371 2170 df.
386 2105 476 2170 Serv.
493 2105 641 2188 interpol.
659 2108 738 2173 Aen.
755 2107 810 2191 IV,
824 2111 873 2174 62.
916 2109 1067 2192 »quidun
1080 2132 1179 2193 oenus
1194 2111 1348 2193 son’tytct'e'
1365 2133 1419 2192 ap-

234 2215 369 2300 pellant,
393 2239 453 2300 quo
476 2225 589 2284 netues
612 2241 680 2284 σανα
703 2241 782 2285 aros
804 2221 1006 2287 circumirent
1027 2228 1054 2287 et
1075 2244 1187 2287 narsus
1209 2243 1247 2287 se
1270 2243 1419 2287 conner-

239 2335 359 2394 tenent
380 2336 408 2394 et
429 2330 542 2396 deinde
564 2331 773 2414 consisterent,
797 2332 944 2399 dicebant
964 2333 1176 2399 minntsentnnn
1198 2355 1352 2399 saerata«
1423 2363 1425 2368 κ

326 2439 395 2506 Liv.
415 2440 450 2524 V,
476 2445 527 2522 21,
551 2445 588 2507 15
612 2462 659 2523 sq.
705 2440 909 2526 „[Camillus]
938 2444 1055 2510 dicitur
1082 2467 1198 2511 nonne
1226 2447 1272 2510 ud
1297 2445 1418 2511 eaelum

239 2551 349 2616 tollens
369 2560 520 2635 precatus
542 2576 616 2637 esse,
638 2562 682 2638 nt,
705 2555 735 2620 st
758 2555 809 2620 eni
832 2557 959 2621 deornm
981 2556 1204 2638 horninnenqne
1225 2557 1330 2622 annio
1358 2579 1420 2621 sna

231 2663 370 2746 fontano
391 2664 569 2747 populique
596 2667 739 2732 Romani
766 2666 937 2749 videretur,
971 2674 1006 2732 nt
1037 2689 1107 2732 eunt
1134 2667 1296 2732 ιῖιιυιιίιῖαιυ
1320 2668 1419 2732 tenire

237 2795 334 2855 quant
356 2775 489 2842 minimo
510 2798 567 2842 sno
583 2777 716 2858 priuato
738 2778 933 2843 incommodo
943 2777 1134 2860 publicoque
1142 2778 1259 2861 populi
1276 2779 1418 2844 Romani

180 2907 182 2910 ’
238 2883 349 2952 liceret,
409 2886 692 2954 Oonnententenn
725 2890 762 2954 se
791 2887 874 2954 ι’κέυν
904 2890 989 2954 done
1017 2890 1249 2955 uenerationem
1276 2890 1416 2955 traditur

200 2987 205 2994 ’
237 2998 407 3063 memoriae
423 2998 614 3081 prolapsum
639 3001 813 3066 cecidisse«
1185 3080 1190 3088 ,

322 3108 409 3174 Suet.
430 3107 537 3174 Vitell.
559 3113 588 3174 2.
617 3112 759 3194 »primns
784 3111 817 3176 0.
847 3109 1017 3177 Caesarem
1040 3114 1178 3178 odorare
1200 3120 1235 3178 nt
1257 3115 1348 3178 denen
1370 3113 1418 3178 in-

235 3218 345 3302 stituit,
370 3241 438 3288 eunt
460 3241 601 3287 cennens
623 3245 661 3288 en
676 3223 777 3306 Syria
799 3245 863 3287 non
886 3223 980 3288 utitor
996 3224 1088 3289 adine
1111 3247 1208 3288 ansus
1224 3232 1300 3290 esset
1321 3247 1418 3306 qnunn

236 3330 339 3412 eapite
359 3332 460 3396 aetolo
483 3332 849 3416 circumuertensque
870 3356 923 3416 se,
947 3334 1060 3400 deinde
1076 3337 1312 3417 procumbens«

322 3441 420 3507 Miror
450 3448 557 3508 autent
588 3443 797 3518 Glaesserunn
830 3465 894 3510 non
923 3445 1192 3510 animadvertisse
1228 3447 1312 3527 apud
1341 3445 1417 3510 Dion

235 3551 361 3633 nysium
386 3570 528 3636 quoqne,
559 3574 652 3635 quern
679 3574 858 3637 congruere
881 3574 951 3621 cum
975 3555 1166 3638 Plutarcho,
1196 3556 1372 3622 dissentire
1397 3579 1417 3622 a

236 3662 347 3729 Servio
371 3665 497 3732 censuit
520 3668 564 3747 (p.
583 3669 670 3749 166),
694 3666 905 3733 convertendi
928 3666 1121 3734 mentionem
1144 3666 1223 3732 ficri.

319 3775 452 3858 Dionys.
485 3777 662 3859 (Excel'pt.)
692 3777 766 3860 XII,
796 3781 851 3858 16,
880 3781 931 3842 ⁸22.
972 3779 1110 3851 „alcstan
1144 3779 1263 3860 λέγουσι
1297 3781 1346 3838 τὸν
1382 3778 1419 3850 ἐξ

237 3881 365 3970 ’,θχχίσυυ
389 3889 438 3946 καὶ
460 3885 641 3972 Ἀφροδίτης,
671 3891 723 3949 ὅτε
746 3890 894 3974 κατέσχεν
918 3892 962 3955 εἷς
982 3887 1114 3963 Ἰταλίαν,
1142 3892 1232 3950 θῦσαι
1258 3889 1418 3972 προαιρού-

233 4019 324 4078 μενον
340 3999 401 4078 ὅτῳ
419 3999 453 4081 δή
471 4023 523 4060 τινι
546 4001 638 4073 θεῶν,
660 4002 739 4082 μετὰ
756 4001 808 4082 τὴν
825 4001 916 4084 εὐχὴν
931 4002 1078 4082 μέλλοντα
1095 4004 1147 4060 eod
1168 4002 1418 4084 παρεσκευασμέ-

235 4131 285 4168 νυυ
309 4111 384 4191 πρὸς
411 4111 463 4192 τὴν
492 4113 598 4171 θυσιάν
622 4113 735 4194 ἱερείυυ
759 4113 985 4196 κατάρχεσθαι,
1014 4116 1073 4172 τῶν
1101 4109 1221 4196 Ἀχαιῶν
1251 4115 1323 4172 ἰδεῖν
1352 4136 1415 4172 τινα

325 4347 347 4414 ¹)
368 4346 407 4399 cf.
425 4346 501 4405 Serv.
520 4347 588 4402 Aen.
607 4348 641 4416 V,
660 4348 718 4400 530.
789 4311 791 4316 V
