3214 4942
683 360 875 424 -5-

274 551 336 616 Sed
358 551 439 615 haec
462 548 588 631 quidem
616 550 776 615 hactenus
800 549 917 633 (11111,
947 550 979 616 in
1009 551 1125 632 quibus
1153 551 1225 633 ipse
1247 552 1375 619 Maero-

186 664 257 728 bius
276 660 452 727 Varronem
468 661 626 727 laudavit.
663 661 735 726 Alia
758 666 868 727 autem
891 661 1097 729 eontinentur
1119 664 1231 729 eodem
1253 665 1373 746 capite,

186 793 279 856 quae,
302 773 380 839 licet
402 793 466 838 non
485 772 603 838 citetur
619 772 688 839 eius
705 791 829 855 nomen,
853 772 1060 840 nihilominus
1084 775 1125 839 ad
1145 775 1280 840 eundem
1298 795 1372 841 nuc-

187 889 291 951 torem
314 883 505 966 respiciunt.

273 996 309 1062 ln
333 997 538 1078 paragrapho
562 995 843 1077 vicesimaprima
867 1015 913 1076 sq.
952 996 1064 1062 lanum
1093 996 1235 1078 hospitio
1261 998 1372 1063 Satur·

188 1129 263 1174 num
287 1106 455 1188 excepisse
476 1107 678 1189 primumque
700 1127 777 1172 aera
801 1107 952 1189 signasse
974 1107 1122 1189 legimus

274 1219 373 1285 llam.
389 1219 412 1302 1,
426 1224 455 1302 7,
469 1221 519 1284 21.
553 1219 637 1286 »Hie
658 1220 759 1302 ipitur
773 1221 889 1301 Ianus,
914 1241 982 1285 aum
1001 1220 1178 1286 Saturnum
1193 1221 1292 1288 alasse
1300 1244 1373 1304 per-

187 1338 302 1398 uectum
324 1331 490 1414 excepisset
512 1332 648 1414 hospitio
671 1339 701 1398 et
719 1333 759 1396 ab
784 1354 818 1397 eo
841 1333 962 1398 edoctus
976 1331 1133 1414 peritiam
1156 1333 1245 1398 ruris
1263 1333 1369 1416 serum

186 1443 276 1510 iilum
299 1444 458 1509 etruriam
481 1450 554 1509 ante
569 1444 686 1528 stupes
709 1443 853 1526 capnitas
867 1444 984 1509 uictum
1005 1444 1042 1509 in
1063 1444 1175 1509 meiius
1190 1445 1370 1528 redegisset,

185 1555 276 1638 nepai
304 1577 375 1620 eum
400 1555 545 1621 societate
567 1556 774 1622 muneravit«
835 1553 1030 1632 Quibuscum
1054 1553 1204 1621 conferas
1229 1556 1368 1637 August.

185 1667 224 1731 de
246 1685 273 1730 e.
292 1666 329 1731 D.
346 1664 444 1738 vlla
468 1671 512 1748 (p.
529 1669 601 1750 279,
615 1669 655 1732 23
672 1668 709 1732 D.
727 1687 759 1710 =
775 1667 813 1732 fr.
832 1670 879 1747 Sg
896 1667 1074 1742 Schwarz).
1110 1667 1178 1733 »De
1192 1668 1279 1734 Iano
1301 1670 1369 1751 qui·

186 1781 253 1844 <iem
275 1773 340 1843 non
362 1778 444 1844 milri
460 1777 565 1862 facite
587 1779 759 1862 quiequam
781 1778 930 1860 occurrit,
954 1779 1038 1860 quoti
1061 1779 1106 1842 uri
1121 1780 1278 1858 probrum
1294 1802 1367 1861 per·

186 1890 293 1955 timeat.
336 1891 382 1954 Et
396 1889 538 1973 fortasse
561 1890 637 1956 tuiis
652 1890 766 1974 fuerit,
790 1890 990 1956 innocentius
1012 1889 1131 1954 viserit
1151 1896 1179 1954 et
1202 1912 1223 1954 a
1239 1889 1368 1974 facino-

185 2001 274 2066 ribus
286 2001 490 2085 flapitiisque
500 2002 658 2067 remotius.
683 2002 860 2068 Saturnum
869 2001 1049 2086 sapientem
1065 2001 1220 2083 lenipnus
1235 2004 1369 2085 sucepit:

186 2134 254 2178 eum
275 2113 397 2196 hospite
412 2114 557 2196 partitus
579 2121 624 2180 est
644 2136 785 2197 repnum,
808 2120 844 2179 ut
862 2113 959 2179 etiam
979 2112 1122 2178 ciuitates
1137 2113 1285 2196 singutas
1301 2137 1368 2181 eon·

187 2225 300 2306 cluent,
323 2225 382 2290 iste
403 2225 600 2307 Ianiculum,
623 2225 679 2290 ilie
702 2224 920 2291 Saturniam«

270 2335 353 2402 Plut.
378 2333 469 2402 Num.
484 2338 522 2400 19
547 2334 790 2420 [1181111111]Ι
820 2339 860 2408 „t
883 2336 942 2418 γὰρ
965 2334 1057 2402 Ἰανὸς
1080 2336 1112 2396 ἐν
1136 2343 1198 2402 τοῖς
1220 2338 1294 2397 πάνυ
1314 2362 1366 2397 πα·

186 2450 279 2514 λαιυῖς
305 2447 366 2508 εἴτε
394 2450 510 2529 δαίμων
539 2446 601 2508 εἴτε
627 2449 772 2526 βασιλεὺς
802 2449 965 2530 γενόμενος
991 2450 1137 2513 πολιτικὸς
1163 2451 1213 2508 καὶ
1239 2471 1367 2509 κοινωνι-

184 2562 237 2626 κὸς
253 2560 288 2620 ἐκ
303 2563 355 2620 τοῦ
372 2560 544 2642 θηριώδους
561 2561 611 2619 καὶ
635 2561 740 2642 ἀγρίου
765 2560 883 2640 λέγεται
904 2561 1089 2639 μεταβαλεῖν
1114 2560 1164 2641 τὴν
1193 2561 1368 2638 διἀιταν“.’)

271 2670 404 2737 Tertull.
425 2671 509 2752 apol.
535 2673 581 2736 10.
611 2674 653 2752 (p.
676 2674 736 2736 155
764 2671 878 2745 cent).
933 2670 989 2736 »Si
1011 2678 1165 2752 quantum
1187 2693 1294 2736 rerum
1318 2694 1368 2738 ar-

183 2791 341 2866 pumenta,
365 2805 523 2867 nusquam
546 2783 674 2848 inuenio
688 2783 841 2865 fideliora
863 2803 960 2864 quam
983 2783 1073 2864 apud
1094 2782 1202 2865 ipsam
1217 2783 1368 2867 Italiam,

185 2895 221 2960 in
243 2916 307 2978 qua
330 2895 490 2962 Saturnus
505 2901 581 2977 post
601 2894 718 2960 multas
740 2894 952 2976 expeditiones
968 2901 1102 2976 postque
1125 2894 1236 2960 Attica
1260 2895 1365 2977 trospi-

185 3007 232 3072 tia
254 3007 392 3073 consedit
413 3015 554 3088 exceptus
576 3029 598 3072 a
620 3007 703 3071 Iano
726 3006 775 3072 nel
796 3006 889 3088 Iane,
912 3013 948 3071 ut
969 3004 1057 3072 Salii
1079 3005 1258 3083 uolunt.«⁹).

269 3118 443 3183 Praeterea
456 3117 633 3183 etlertull.
647 3119 688 3182 ad
701 3122 766 3182 nat.
783 3116 818 3198 ll,
836 3120 871 3181 12
886 3123 928 3197 (p.
948 3119 1016 3198 119,
1035 3119 1099 3198 12);
1124 3117 1214 3182 Laet.
1231 3116 1252 3200 1,
1271 3120 1316 3200 13,
1333 3120 1366 3194 8;

184 3228 300 3295 Minue.
317 3233 368 3313 21,
382 3231 416 3312 5;
441 3228 537 3294 Solin.
555 3232 585 3311 2,
598 3232 632 3311 5;
658 3229 746 3295 Serv.
761 3229 840 3294 Aen.
861 3227 940 3312 vlu,
954 3230 1031 3310 3193
1056 3227 1238 3295 01111111.
1256 3229 1277 3311 1,
1291 3230 1365 3294 233.

183 3459 216 3513 fr.
236 3460 269 3511 10
287 3459 312 3511 k.
332 3460 373 3512 ed.
393 3460 526 3513 Schwarn
551 3459 772 3530 [Fleckeistb.
792 3459 884 3527 Suppl.
905 3460 1003 3528 18881).
1041 3458 1170 3524 „Deinde
1188 3457 1246 3510 idco
1265 3459 1332 3512 dicit
1350 3477 1367 3512 a
1446 3518 1448 3523 ,

185 3544 345 3612 prribrrsolam
365 3561 464 3612 pueros
482 3545 506 3597 ei
525 3544 664 3613 (Saturno)
683 3545 773 3598 soiitos
791 3545 940 3609 immolari,
964 3545 1034 3598 sicut
1051 3563 1068 3598 n
1086 3544 1197 3609 Poenis,
1222 3547 1250 3596 et
1271 3562 1288 3598 a
1312 3545 1366 3612 qui·

185 3631 296 3684 busdam
315 3632 397 3684 etiam
415 3631 530 3684 maiores
548 3631 619 3684 sicut
636 3649 653 3684 o
673 3631 775 3695 Gallis,
799 3631 863 3698 qnia
887 3630 1007 3684 omnium
1025 3632 1158 3684 seminum
1176 3631 1306 3698 optimum
1326 3635 1368 3684 est

181 3734 265 3786 penus
283 3718 459 3772 humanam.“
499 3717 538 3770 af.
558 3717 671 3770 Tertull.
692 3718 796 3786 apolog.
816 3719 832 3768 9
851 3718 884 3785 (Ι,
903 3736 928 3785 p.
943 3718 992 3768 144
1006 3735 1043 3784 sq.
1060 3717 1155 3784 Oehl.).
1184 3716 1278 3785 Pomp.
1295 3717 1367 3770 Mela

184 3803 237 3872 ΠΙ,
260 3805 299 3856 18.

274 3907 295 3974 ¹)
316 3907 384 3960 Cum
398 3906 530 3960 Macrobii
548 3907 721 3976 paragrapho
739 3908 772 3958 26
792 3907 825 3959 ef.
837 3906 1031 3975 comparation.
1045 3906 1163 3973 Lycurgi
1182 3910 1209 3959 11
1223 3905 1328 3958 Numae
1342 3908 1365 3957 l.

184 3998 264 4046 extr:
285 4010 451 4060 quamquam
470 4011 501 4046 ea
520 3993 631 4060 quidem
649 3993 757 4046 tritiora
776 4010 901 4046 essenon
915 3992 1080 4059 negaverim.
1108 3991 1197 4056 Quare
1215 3992 1288 4044 hunc
1307 4010 1366 4044 con·

184 4097 293 4132 sensum
311 4097 366 4131 non
385 4080 437 4131 nisi
456 4081 485 4132 in
503 4085 627 4153 παρέργῳ
647 4079 726 4131 adde.

271 4184 295 4250 ²)
315 4182 373 4248 Quo
392 4183 425 4236 de
445 4183 533 4252 capite
553 4183 586 4236 cf.
601 4182 733 4235 Sehwarz.
747 4185 764 4236 1.
779 4185 796 4235 l.
816 4203 842 4252 p.
855 4185 914 4236 429.
942 4183 982 4235 De
999 4183 1112 4249 ratione,
1132 4199 1201 4248 quac
1220 4181 1366 4233 intercedit

183 4269 255 4322 inter
273 4268 424 4321 Minucium
443 4274 471 4322 et
490 4269 699 4336 Tertullianum,
717 4269 860 4322 Wilhelmi
879 4269 1015 4322 sententia
1033 4269 1101 4320 mihi
1118 4267 1205 4334 magis
1224 4267 1364 4335 probatur.

184 4354 224 4423 [F.
243 4354 383 4422 Wilhelm‚
403 4355 436 4408 de
455 4355 525 4410 Min..
540 4355 621 4408 Felic.
642 4355 736 4408 Octav.
756 4360 784 4408 et
802 4355 915 4408 Tertull.
935 4356 1039 4424 apolog.
1068 4355 1153 4407 Bresl.
1174 4353 1259 4420 1887]
