3214 4942
710 365 897 426 „9-

214 550 371 617 Varronis
394 551 434 615 de
451 549 678 616 Carmentibus
702 549 938 628 sententiam')
977 551 1075 617 »Post
1096 553 1141 616 od
1155 552 1276 616 Ianam
1294 551 1395 616 solam

211 686 342 748 reprom
364 665 526 729 redactam
548 670 605 745 est,
633 663 689 745 qai
713 663 851 728 creditor
872 662 1034 746 pemiaam
1056 663 1175 746 faciam
1192 663 1394 746 praetulisse,

211 782 246 841 at
267 797 349 858 qaae
372 781 444 840 acte
466 794 607 856 quaeqae
628 781 704 857 post
725 782 843 858 terpam
867 782 980 856 esseut,
1011 775 1200 841 intueretur:
1221 776 1306 856 qaod
1322 796 1395 856 pro-

213 886 263 952 cui
278 887 374 952 dubio
398 888 443 951 od
457 885 667 967 prudentiam
682 887 767 969 repis
782 885 1019 968 sollertiamque
1040 887 1242 964 referendam
1263 894 1315 969 eet,
1339 886 1395 968 qai

214 1006 242 1064 et
257 997 435 1080 praeterita
456 1004 558 1062 mosset
579 1005 607 1062 et
621 997 741 1081 fotura
750 998 956 1080 prospiceret,
979 998 1061 1063 sicat
1075 999 1250 1087 Amteoorta
1266 1006 1294 1064 et
1308 1000 1394 1064 Post·

214 1116 314 1191 oorta,
344 1108 523 1174 divinitatis
545 1109 663 1175 scilieet
685 1109 873 1191 aptissimae
896 1111 1029 1193 comitae,
1055 1112 1143 1192 apud
1164 1111 1328 1176 Romanos
1351 1132 1395 1175 oo·

216 1221 351 1286 lautam«
729 1216 732 1221 ’

299 1332 405 1412 Atque
428 1350 500 1397 cnm
523 1350 540 1396 e
566 1330 709 1396 Varrone
732 1337 837 1398 totum
860 1332 940 1398 illud
965 1338 1063 1414 capnt
1085 1335 1226 1415 pendere
1249 1336 1311 1407 iam
1337 1353 1393 1399 no·

213 1443 262 1508 bis
290 1442 565 1525 persuaserimus,
600 1443 670 1509 veri
698 1463 761 1508 non
789 1443 948 1509 dissimile
978 1449 1030 1510 est
1064 1464 1102 1510 ea
1131 1465 1256 1526 quoque
1292 1444 1394 1510 cidem

211 1554 338 1620 auctori
361 1553 533 1620 tribuenda
556 1573 639 1620 esse.
675 1555 795 1621 Tamen
819 1576 890 1621 oum
912 1556 984 1621 fieri
1005 1558 1158 1640 potuerit,
1181 1562 1219 1623 ut
1241 1558 1321 1622 haec
1337 1558 1394 1621 ad-

211 1667 366 1731 derentur
389 1667 430 1730 ab
453 1665 526 1747 ipso
550 1666 712 1732 Macrobio
741 1666 810 1733 sive
834 1671 875 1734 ab
898 1687 951 1750 eo,
981 1669 1036 1748 qui
1059 1668 1182 1734 medius
1205 1668 1395 1734 intercessit

210 1779 297 1843 inter
319 1778 409 1843 illum
432 1781 466 1842 et
485 1777 671 1860 Varronem,
694 1798 735 1844 ne
757 1783 881 1844 temere
904 1799 1085 1862 ageremus,
1110 1800 1149 1845 ea
1166 1779 1304 1845 Varroni
1324 1779 1395 1846 vin·

212 1888 323 1955 dicare
345 1909 408 1954 non
431 1887 560 1970 liceret,
588 1889 653 1955 nisi
676 1927 715 1935 -
744 1891 808 1956 etsi
830 1892 904 1973 ipsa
926 1910 979 1956 res
1003 1911 1067 1956 non
1090 1893 1210 1973 legitur
1233 1893 1320 1972 apud
1343 1910 1393 1956 ce·

214 2005 303 2066 teros
328 1999 506 2082 scriptores
524 1999 745 2068 Varronianus
762 2002 961 2084 —vestigio
979 2004 1114 2083 quodam
1132 2006 1307 2084 appareret
1323 2023 1393 2067 eam

214 2131 339 2193 quoque
362 2112 558 2178 sententiam
586 2133 650 2178 non
674 2113 811 2181 alienam
843 2113 942 2180 fuisse
970 2135 989 2180 a
1015 2114 1175 2198 Varrone,
1203 2134 1394 2196 quamquam

214 2222 310 2288 aliam
335 2242 405 2289 eum
429 2223 659 2305 praeposuisse
686 2243 704 2289 e
728 2225 832 2292 Gellio
860 2225 1082 2308 comperimus.
1130 2225 1211 2292 Nam
1234 2246 1305 2291 cum
1330 2227 1394 2292 Au-

213 2334 366 2417 gustinus
390 2335 429 2400 de
452 2354 478 2399 c.
495 2336 533 2400 D.
548 2335 600 2418 IV,
616 2340 651 2400 11
679 2344 721 2418 (p.
738 2339 854 2420 161,4)
878 2338 1007 2404 locutus
1025 2338 1069 2403 sit
1092 2338 1131 2403 de
1158 2339 1244 2404 »iiiia
1267 2340 1393 2420 deatum,

213 2470 294 2531 qaae
315 2448 396 2533 sota
422 2448 624 2514 poscentibus
646 2457 766 2515 cauam
790 2457 818 2515 et
839 2457 993 2516 oooaotar
1019 2448 1232 2533 Garmootos«,
1257 2448 1394 2515 Varroni

214 2579 278 2624 non
300 2558 448 2640 ignotum
471 2559 574 2626 fuisse
591 2559 780 2626 Carmentes
804 2562 883 2626 deas
907 2561 1018 2627 futura
1042 2561 1261 2627 vaticinantes
1285 2560 1395 2642 putari

213 2670 382 2752 inaperta
406 2674 468 2736 est.
515 2671 629 2752 Itaque
644 2671 802 2737 Macrobii
826 2692 952 2754 quoque
967 2673 1082 2754 locum,
1106 2672 1162 2738 ubi
1177 2673 1394 2750 Carmentes²)

214 2801 461 2874 —quamquam
484 2781 517 2847 id
539 2802 655 2848 nomen
678 2783 723 2848 ibi
746 2784 850 2866 deest,
875 2785 932 2850 sed
957 2783 1086 2864 singula
1109 2784 1241 2849 dearum
1264 2782 1394 2849 nomina

213 2899 499 2961 commemorantur
524 2931 559 2940 -
586 2893 671 2960 sicut
696 2895 804 2962 Ianum
831 2914 929 2960 nosse
959 2901 992 2960 et
1020 2894 1131 2960 futura
1154 2899 1188 2960 et
1211 2895 1393 2977 praeterita

213 3006 325 3088 tradit,
339 3004 478 3070 Varroni
501 3005 726 3072 restituamus.
769 3007 859 3085 Quod
883 3006 912 3072 si
934 3005 1082 3089 facimus
1106 3005 1297 3089 infringitur
1321 3025 1394 3072 sen·

212 3116 317 3182 tentia
350 3117 580 3200 Marquardtii,
616 3117 670 3198 qui
704 3119 784 3183 haec
817 3117 1043 3200 pronuntiavit
1078 3119 1177 3197 (Ram.
1208 3118 1394 3184 Staatsver·

211 3230 322 3310 waltg.
339 3228 391 3312 ΙΙΙ,
411 3231 460 3311 rr,
474 3231 524 3299 m:

301 3341 367 3407 »Es
387 3342 451 3425 pab
474 3341 620 3407 iadeeeea
647 3343 727 3408 macic
754 3345 823 3408 eice
850 3344 967 3408 oedem
989 3341 1179 3424 Ertldroop
1203 3342 1304 3406 dieser
1326 3342 1394 3406 No·

211 3475 296 3536 mero,
324 3453 408 3518 maci
430 3453 561 3518 aerato
582 3454 634 3519 die
658 3453 812 3520 Porrima
839 3457 913 3520 oder
934 3455 1111 3520 Amteoorta
1133 3455 1202 3518 aad
1224 3453 1393 3518 Poetoorta

301 3658 322 3725 ¹)
342 3655 420 3723 Quod
436 3656 561 3724 Hyginus
579 3657 707 3710 laudatur
726 3658 894 3710 aMacrobio
908 3657 991 3724 iniis,
1011 3674 1080 3724 quae
1098 3655 1267 3724 praecedunt
1286 3657 1321 3724 (7,
1341 3656 1392 3724 le),

212 3761 243 3796 eo
269 3743 382 3796 minime
408 3743 580 3810 improbatur
607 3745 756 3808 sententia,
790 3762 872 3811 quarn
898 3744 985 3812 posui.
1036 3743 1106 3794 Nam
1134 3742 1275 3809 Hyginum
1302 3741 1393 3810 ipsum

211 3829 342 3883 Varronis
360 3829 477 3896 vestigia
497 3847 577 3897 saepe
596 3847 721 3897 premere
741 3831 806 3882 satis
826 3834 939 3882 constat.
978 3829 1017 3880 ef.
1037 3829 1109 3881 infra
1127 3848 1152 3897 p.
1173 3829 1212 3879 10.

300 3933 323 4000 ²)
344 3933 422 3998 Quod
449 3933 536 3985 altera
564 3931 716 3986 Carmentis
744 3935 817 4002 apud
845 3933 964 3986 Gellium
987 3933 1097 3996 Prorsa,
1127 3931 1199 4000 apud
1222 3930 1392 3982 Macrobium

211 4018 377 4087 Antevorta,
406 4019 479 4089 apud
498 4018 626 4072 Ovidium
644 4019 769 4072 Porrima
786 4025 914 4086 vocatur,
942 4037 973 4070 eo
991 4036 1046 4070 non
1064 4017 1240 4085 redarguitur
1258 4018 1393 4069 sententia

211 4109 312 4157 nostra.
339 4105 409 4157 Nam
423 4110 496 4158 certe
509 4105 596 4157 Varro
609 4123 658 4173 pro
672 4106 868 4158 cousuetudine
881 4123 929 4157 sua
942 4105 1041 4171 omnia,
1055 4122 1123 4171 quae
1137 4103 1189 4156 sibi
1201 4103 1392 4170 innotuissent,

214 4189 400 4242 Carmentium
410 4192 521 4244 nomina
531 4191 646 4243 contulit
656 4192 892 4260 posteriorumque
903 4191 1068 4258 scriptorum
1078 4191 1146 4242 alius
1156 4189 1230 4241 aliud
1240 4189 1391 4257 exscripsit.

212 4275 311 4328 Forma
338 4276 526 4340 „Ariteoorta“
554 4278 597 4345 (-
616 4305 639 4330 o
657 4307 689 4316 —
708 4278 742 4345 υ)
770 4295 806 4329 ne
831 4295 880 4346 per
907 4277 988 4329 metri
1007 4277 1117 4344 quidem
1136 4276 1271 4329 rationem
1295 4275 1391 4328 Ovidio

212 4361 253 4414 uti
271 4361 355 4416 licuit.
