3214 4942
705 290 990 361 -m-·

228 485 345 551 Strabo
371 483 408 567 V,
425 487 487 548 244
512 491 554 566 (p.
572 484 644 565 335,
661 485 702 548 20
721 483 788 556 Μ.).

272 603 354 662 »ταῖς
377 595 411 656 δὲ
436 597 541 660 Βαίαις
564 595 693 678 συνεχὴς
715 596 733 654 ό
755 617 789 655 τε

226 706 373 790 Λοκρῖνυς
387 708 496 772 κόλπος
511 709 564 766 καί·
581 706 666 771 ἐντὸς
681 705 788 766 τοότυυ

225 817 381 902 όἍορνος
399 819 592 902 χερρόνησον
619 821 710 878 ποιῶν
738 819 789 900 τὴν

226 930 516 1012 ἀπυλαμβανυμένην
541 929 634 1012 μέχρι
659 929 789 1012 Μισηνοῦ

225 1049 277 1126 γῆν
307 1044 364 1102 ἀπὸ
393 1046 445 1124 τῆς
470 1041 587 1123 μεταξὺ
612 1039 715 1123 Κόρης
740 1041 789 1102 καλ

226 1154 329 1214 αὐτοῦ.
357 1189 396 1199 -
426 1189 462 1197 —-
496 1188 536 1198 -
564 1188 606 1196 —
639 1150 790 1234 ε’μόθευον
822 1181 824 1186 v

225 1263 283 1326 ‹3⁹0ss
311 1266 369 1347 πρὸ
394 1266 477 1347 ἡμῶν
501 1263 533 1324 ἐν
557 1267 600 1343 τῷ
622 1261 729 1344 Ἀόρνῳ
753 1263 789 1322 τὰ

225 1379 294 1460 περὶ
306 1363 358 1458 την
372 1376 490 1436 νέκυιαν
503 1372 725 1458 τηνὉμηρικὴν·
740 1376 790 1434 καλ

226 1489 261 1571 δὴ
290 1489 339 1547 καὶ
369 1493 598 1567 νεκυομαντεῖον
620 1488 789 1567 ἱστοροῦσιν

228 1600 360 1662 ἐνταῦθα
395 1598 536 1678 γενέσθαι
574 1599 624 1657 καλ
645 1594 789 1659 Ὀδυσσέα

227 1714 270 1778 εἰς
285 1707 366 1794 τοῦτή
383 1709 556 1790 ἀφικέσθαι.
580 1712 643 1773 ’245
659 1715 703 1790 (p,
717 1711 789 1790 337,

230 1827 276 1900 ll,
301 1821 367 1899 Μ.).
403 1822 419 1879 ό
448 1819 482 1880 δὲ
508 1818 655 1903 Λυκρῖνυς
682 1822 791 1886 κόλπος

225 1932 402 1994 πλατόνεται
423 1931 517 2016 μέχρι
541 1933 648 2005 Bucam,
669 1933 790 2016 χώματι

226 2047 403 2128 εἰργόμενος
427 2043 484 2102 α’πὺ
514 2049 566 2125 τῆς
595 2039 656 2115 ἔξω
684 2045 790 2104 θαλάτ-

226 2181 279 2240 της
294 2157 483 2235 ὀκτασταδίῳ
500 2156 533 2214 τὺ
553 2159 658 2236 μῆκος,
682 2157 792 2220 πλάτος

226 2268 261 2328 δὲ
290 2268 438 2350 ἁμαξιτοῦ
467 2269 622 2338 πλατείας,
655 2267 673 2325 ῦ
701 2287 791 2348 φασιν

223 2378 370 2462 Ἡρακλέα
383 2380 532 2463 διαχιῦσαι
545 2379 600 2443 τὰς
615 2378 691 2455 βοῦς
707 2375 792 2437 ε’λαό-

227 2514 314 2552 νοντα
338 2491 393 2556 τὰς
418 2491 598 2574 Γηρυόνου.<<

888 481 978 548 umu.
1002 483 1056 566 ιν,
1080 486 1119 548 ιι
1148 484 1211 564 (α.
1238 482 1362 566 Vogel).

890 825 1003 878 »κεῖται
1016 817 1074 900 μὲν
1090 817 1142 879 υῦν
1159 819 1175 902 η
1193 821 1275 901 λιμνη
1288 819 1411 900 μεταξὺ

845 930 978 1013 Μισηνοῦ
993 932 1042 990 καὶ
1058 929 1287 1014 Δικαιαρχείων.
1305 965 1347 976 -
1367 967 1410 976 --

841 1267 1043 1346 μυθολογοῦσι
1071 1263 1106 1324 δὲ
1135 1264 1168 1323 τὸ
1199 1263 1256 1346 μὲν
1283 1265 1412 1325 παλαιόν

843 1378 1022 1458 γεγενῆσθαι
1062 1382 1291 1456 νεκυομαντεῖον
1333 1377 1414 1458 πρὸς

844 1487 930 1570 αὐτῇ,
955 1487 971 1546 ὓ
994 1493 1056 1553 τοῖς
1079 1487 1207 1569 ὕστερον
1219 1489 1344 1571 χρόνοις
1358 1511 1412 1547 κα-

843 1597 1024 1660 ταλελύσθαι
1048 1601 1148 1680 φασίν.

887 1821 1136 1905 ἀναπεπταμένης
1163 1821 1198 1882 δὲ
1229 1826 1281 1904 τῆς
1308 1823 1414 1904 λίμνης

844 1936 888 1999 εἰς
900 1935 951 2017 την
970 1934 1132 2006 θάλατταν,
1145 1935 1195 1993 τὸν
1205 1931 1351 2015 Ἡρακλέα
1364 1932 1412 1992 λέ-

844 2067 928 2126 γεται
944 2044 1061 2126 τὸνμὲν
1076 2041 1185 2127 ἔκρουν
1199 2044 1343 2129 ε’χχῦσαι,
1356 2043 1411 2125 τὴν

844 2153 944 2217 δ’όῦόν
967 2157 1018 2239 την
1047 2159 1096 2217 νῦν
1123 2155 1217 2217 οὖσαν
1244 2155 1333 2238 παρὰ·
1356 2156 1411 2216 θοί-

845 2269 953 2329 λατταν
965 2269 1203 2341 κατασκευάσαι,
1212 2269 1263 2350 την
1277 2263 1323 2326 ἀπ’
1334 2266 1410 2326 ἐκεί·

846 2402 896 2438 νου
919 2380 1106 2463 καλουμένην
1127 2377 1329 2462 ἹΙρακλειάν.<ι
1344 2376 1365 2456 ¹)

314 2602 405 2680 Quae
422 2603 461 2666 de
473 2602 603 2667 Averno
613 2602 719 2667 iaeue
735 2600 877 2667 Varrone
898 2606 932 2666 et
948 2602 1107 2667 Strabone
1124 2620 1224 2682 supra
1239 2605 1283 2683 (p.
1296 2604 1332 2665 71
1347 2605 1410 2680 sq.)

227 2713 415 2794 adtulimus,
439 2733 478 2778 ea
502 2712 664 2778 Timaeum
687 2731 843 2778 narrasse
866 2731 905 2777 ae
927 2711 1081 2778 reiecisse
1097 2711 1281 2794 Antigonus
1305 2730 1332 2776 c.
1349 2713 1410 2774 152

227 2824 280 2902 (ef.
297 2824 367 2890 mir.
385 2844 473 2891 ause.
492 2825 566 2902 102)
590 2821 727 2887 tradidit.
750 2827 795 2904 (=
812 2822 889 2889 Tim.
906 2822 945 2888 ir.
966 2827 1004 2888 17
1020 2822 1211 2896 Mueller.)²)

311 2936 391 3002 Item
419 2935 566 3002 fortasse
588 2934 702 3000 Circen
731 2935 823 2999 deam
853 2934 887 2999 in
909 2939 1017 3000 monte
1042 2932 1174 3001 Circaeo
1198 2934 1367 3000 habitasse
1392 2954 1412 3000 e

227 3047 354 3114 Timaeo
385 3047 501 3112 Strabo
530 3051 563 3111 et
588 3044 690 3110 Varro
719 3044 910 3111 didicerunt.
956 3045 1003 3110 ef.
1027 3063 1097 3110 eum
1120 3044 1201 3111 loeis
1231 3064 1330 3127 supra
1353 3045 1412 3110 ad·

226 3157 352 3224 notatis
386 3160 428 3239 (p.
446 3160 499 3236 64)
529 3157 669 3223 Tzetzes
697 3157 739 3221 ad
771 3156 846 3238 Lye.
874 3159 953 3220 1276
982 3163 1016 3222 ei
1046 3157 1174 3222 Diodor.
1191 3154 1245 3237 IV,
1271 3160 1322 3238 45,
1345 3159 1373 3220 5.
1384 3154 1411 3228 3)

231 3270 428 3349 Quamquam
445 3268 547 3333 Varro
564 3268 688 3348 quidem
713 3286 731 3331 e
747 3267 803 3332 Cu.
821 3266 923 3332 Gellio
947 3287 1073 3350 queque
1096 3269 1261 3334 hamorem
1276 3267 1411 3333 haurire

228 3379 346 3462 potuit.
393 3378 438 3444 Of.
464 3379 562 3444 Solia.
586 3382 617 3460 2,
640 3380 719 3457 28³>

273 3603 306 3653 34
318 3537 339 3599 ’λ
361 3532 399 3584 Of.
418 3530 590 3599 Lycophron.
609 3530 660 3581 694
673 3547 730 3597 sqq.
764 3529 860 3597 Betae,
879 3536 982 3597 quaest.
1001 3531 1154 3584 Diodoreae
1192 3529 1313 3597 Gotting.
1333 3530 1410 3584 1887.

229 3621 255 3670 p.
309 3644 313 3653 .

316 3688 340 3753 ²)
360 3685 399 3738 Cf.
420 3683 605 3737 Muellenhuff.
624 3703 650 3753 p.
664 3685 722 3748 439.
759 3684 895 3736 Hunrath.
914 3703 940 3753 p.
953 3687 996 3753 32,
1015 3685 1076 3738 adn.

317 3775 340 3841 ³)
360 3772 586 3824 Lueuieutissime
606 3771 645 3822 ibi
657 3769 793 3822 Diodorus
812 3769 949 3839 duplicem
967 3771 1072 3824 fontem
1085 3788 1164 3822 suum
1182 3770 1293 3822 indicat.
1323 3769 1410 3821 »ἔκπε-

228 3865 328 3911 σοῖισαν
351 3863 395 3924 τῆς
416 3860 554 3925 βασιλείας
577 3855 641 3909 κοτιὶ
664 3863 716 3928 μίν
740 3877 813 3916 τινας
837 3861 889 3908 τῶν
915 3856 1151 3930 μυθογράφων
1177 3859 1276 3926 ιη-υγιῖν
1299 3855 1340 3907 ἐπὶ
1363 3851 1410 3907 τόν

229 3942 354 3997 ὠκεανόν.
374 3974 407 3981 -
426 3976 458 3983 -
478 3974 510 3981 -
529 3941 594 3995 κατιὶ
614 3945 644 3994 ιλέ
661 3963 734 4001 τινας
752 3947 803 3994 τῶν
821 3945 995 4014 ἱστορικῶν
1014 3942 1040 4010 (i.
1055 3960 1076 3995 e.
1090 3941 1240 3994 seeundum
1254 3940 1408 4008 Timaeum)

229 4033 359 4082 λιποῦσαν
382 4027 426 4080 τόν
450 4029 555 4081 Πόντον
577 4033 732 4093 κατοικῆσαι
754 4032 799 4093 τῆς
816 4025 926 4086 Ἰταλίας
949 4023 1115 4101 ἀκρωτήριον
1137 4025 1164 4080 τό
1187 4034 1267 4100 μέχρι
1290 4030 1334 4079 τοῦ
1358 4030 1409 4077 νῦν

229 4115 274 4168 εἶπ’
293 4118 394 4180 ἐκείνης
412 4122 547 4187 Κίρκαιον
564 4112 790 4185 όνομαζόμινυνα

317 4202 341 4269 ⁴)
361 4200 388 4252 si
400 4199 482 4252 modo
495 4205 568 4252 recte
581 4199 652 4250 iilius
666 4217 766 4251 nomen
778 4199 817 4251 ibi
830 4197 1010 4266 reposuerunt
1020 4200 1201 4267 Kiesslingius
1212 4199 1255 4267 (de
1265 4198 1345 4252 Dion.
1356 4200 1407 4250 eiu.

229 4307 254 4356 p.
268 4289 312 4355 35)
332 4291 359 4339 et
378 4286 475 4338 Petimus
498 4285 585 4353 (reliq.
604 4303 630 4352 p.
646 4284 842 4349 CCXXXXII).
