3214 4942
713 281 928 345 ..74-

313 471 401 538 Paul.
426 491 456 552 p.
482 473 533 554 83,
557 473 585 534 9.
625 470 794 536 »Formiae
822 471 975 552 oppiana
1002 471 1186 554 appellabar
1211 493 1249 538 en
1273 471 1413 556 Graeca,

228 583 311 650 neiat
334 584 503 665 Hormiae,
538 583 622 665 qnod
648 581 733 648 circa
760 582 797 648 id
822 584 947 648 crebrae
968 583 1118 649 stationes
1141 590 1285 667 tntaeqne
1306 592 1412 667 erant,

226 697 310 761 nnio
326 695 609 778 proficiscebantnr
630 693 880 777 nanipainri.<‹¹)

313 799 516 873 Faliscorum
537 824 654 871 nomen
677 805 788 870 eadem
805 803 933 870 ratione
949 809 1047 887 atque
1063 804 1194 872 Servius
1212 805 1338 872 Solinus
1355 826 1414 872 ex·

229 916 364 1000 plicavit
387 917 519 1000 (2111)

315 1030 404 1106 Quod
427 1028 460 1094 in
484 1029 594 1094 eodem
617 1028 722 1094 Servii
745 1027 867 1094 scholio
891 1027 1028 1109 legimus
1049 1029 1299 1096 »Fescenninnn
1321 1031 1415 1113 appi·
1505 1015 1507 1020 ’

228 1145 303 1208 (inni
326 1150 378 1224 est,
405 1141 462 1206 nbi
484 1140 651 1223 nuptialia
671 1141 802 1206 inuenta
823 1148 897 1206 sani
919 1141 1084 1206 carmina«
1094 1193 1103 1224 ,
1134 1140 1253 1206 Paulus
1283 1162 1415 1223 quoque

227 1275 257 1336 p.
276 1256 384 1335 85,18
412 1257 544 1333 praeter
572 1251 710 1316 alteram
737 1271 886 1318 versuum
914 1251 1189 1319 Fescenninorum
1218 1253 1415 1335 explicatio-

227 1384 300 1430 nem
325 1385 342 1430 e
365 1363 467 1429 Festo
492 1362 666 1444 excerpsit.

316 1477 405 1541 Serv.
419 1474 486 1557 Vll,
505 1477 575 1540 681.
619 1474 833 1540 »Sabinarum
859 1475 974 1559 iinpna
996 1499 1079 1542 sana
1106 1478 1224 1542 barnae
1245 1483 1414 1543 nocantnr.

232 1588 371 1671 Quidam
398 1589 464 1652 dnn
485 1607 622 1669 niapnns
646 1585 696 1668 (?)
721 1586 860 1652 Sabinos
888 1590 925 1654 eie
946 1589 1015 1654 snio
1038 1587 1114 1654 iocis
1137 1588 1245 1654 eiicnii
1269 1595 1298 1653 et
1318 1588 1415 1654 babi-

226 1709 295 1766 tare
316 1721 418 1766 sconia
440 1698 522 1783 feeit
545 1699 582 1763 in
603 1697 729 1763 saxosis
751 1698 926 1765 noniibns:
950 1702 1036 1766 anie
1058 1700 1144 1766 dieta
1166 1707 1241 1766 sant
1262 1701 1417 1767 Hernica

228 1813 297 1878 loca
318 1820 347 1877 et
362 1810 479 1893 pannii
501 1809 668 1875 Hernici«

314 1922 507 2001 Quibuscum
523 1921 672 1986 conferas
689 1921 778 1987 Paul.
791 1943 821 2003 p.
836 1924 908 2005 100,
929 1926 975 1987 15.
1004 1922 1160 1989 »Hernici
1176 1923 1254 1989 dieti
1270 1948 1291 1989 a
1304 1925 1412 2008 sunm,

227 2059 309 2119 qnae
330 2033 444 2100 Marsi
466 2032 611 2110 bernas³l
635 2034 803 2107 dicante)
844 2032 890 2099 Cf.
908 2035 1006 2100 schol.
1022 2035 1137 2099 Veron.
1154 2033 1221 2116 Vll,
1234 2037 1306 2101 683.

313 2147 362 2211 Λᾶ
387 2145 476 2211 Serv.
489 2143 556 2226 Vll,
570 2147 630 2208 791)
654 2143 693 2209 cf.
711 2144 790 2209 Plin.
808 2144 859 2227 Ill,
873 2147 923 2227 59,
940 2144 1029 2211 Paul.
1044 2166 1073 2228 p.
1088 2148 1138 2211 22.
1157 2144 1410 2229 [Reitzenstein.

226 2259 246 2324 l.
264 2258 284 2323 l.
301 2279 331 2340 p.
349 2255 436 2340 531]

313 2370 403 2435 Serv.
417 2366 485 2451 Vll,
502 2371 519 2432 7
524 2370 573 2432 99.
612 2366 859 2451 »Oinoaeninqne
884 2367 1016 2452 inpane]
1044 2369 1132 2436 circa
1161 2371 1245 2436 banc
1272 2377 1410 2438 tractam

230 2480 432 2564 Campaniae
447 2480 604 2546 colebatnr
612 2501 696 2562 pner
710 2478 867 2563 lappiler,
883 2480 940 2562 qni
952 2480 1109 2563 Anapias
1122 2481 1294 2565 iicebainr,
1310 2482 1410 2564 qnasi

227 2594 300 2654 ἄνευ
325 2595 430 2675 ξυροῦ,
452 2594 474 2659 i.
491 2615 514 2658 e.
538 2592 609 2658 sine
630 2591 797 2675 novacula,
821 2593 900 2674 qnia
923 2587 1056 2658 barbain
1077 2615 1244 2676 nnnqnarn
1265 2595 1409 2678 rasisset,

227 2714 255 2774 ei
268 2708 353 2771 Inna
372 2705 472 2788 nirpo,
496 2726 578 2788 qnae
591 2703 733 2769 Feronia
749 2703 949 2779 dicebatnff)
978 2706 1041 2794 Ea
1054 2711 1159 2770 antem
1166 2705 1249 2789 sans
1263 2705 1300 2770 in
1315 2704 1410 2772 Canc-

229 2847 434 2854 ....———-—-..-

317 2911 339 2978 ¹)
359 2910 399 2962 Cf.
424 2908 521 2960 Strabo
544 2926 570 2976 p.
588 2909 638 2958 233
661 2908 773 2976 (peno,
796 2909 830 2959 28
852 2907 907 2975 Μ.)
951 2909 1024 2973 »ἑξῆς
1050 2909 1079 2960 rii
1106 2915 1228 2980 ψορμιάι
1247 2907 1413 2964 Λακωνικόν

226 3005 322 3068 κτίσμα
341 2999 417 3062 ἐστὶν,
435 2989 538 3067 ‘Oppiae
557 2991 705 3063 λεγόμενον
722 2991 851 3066 πρότερον
869 2993 915 3046 διὰ
934 2992 960 3046 ri
980 2994 1119 3067 stappae«

315 3085 339 3150 ²)
358 3081 463 3134 Eadem
482 3078 628 3148 explicatio
648 3078 745 3131 Catani
763 3079 873 3132 videtur
890 3081 1032 3148 placuisse.
1070 3081 1110 3134 ef.
1129 3082 1199 3135 Plin.
1218 3082 1271 3150 III,
1289 3082 1329 3134 51.

208 3227 210 3230 ¹
315 3171 340 3236 ³¹)
361 3168 499 3230 »ternas«,
518 3182 573 3216 non
594 3163 707 3216 >bernar
730 3195 764 3202 —
786 3165 815 3216 id
834 3166 908 3232 quod
926 3167 1003 3219 codd.
1023 3167 1154 3220 exhibent
1176 3199 1210 3206 -
1232 3168 1411 3221 scribendum

145 3293 147 3298 .
226 3259 301 3325 pute,
321 3272 383 3306 curn
401 3253 430 3305 in
448 3253 496 3304 illa
514 3252 602 3304 somna
621 3250 793 3303 consentiunt
812 3255 839 3304 et
857 3251 966 3304 Servius
988 3257 1015 3306 et
1034 3253 1193 3306 scholiastes
1211 3254 1386 3308 Veronensis.

315 3342 338 3409 ⁴)
358 3340 436 3405 Quod
455 3339 523 3391 alter
536 3336 641 3399 Marsis,
661 3337 730 3388 alter
743 3335 849 3389 Sabinis
868 3338 966 3391 tribuit
983 3339 1059 3392 illam
1077 3357 1181 3407 vocem,
1200 3344 1347 3408 utrumque
1366 3359 1412 3394 ex·

226 3427 327 3480 stitisse
345 3426 374 3477 in
392 3425 468 3478 fonte
487 3425 520 3476 ab
539 3423 572 3474 iis
591 3439 719 3490 expresso
737 3423 903 3490 putaverim:
928 3423 997 3476 dixit
1015 3424 1115 3489 Verre,
1133 3425 1162 3477 ni
1181 3425 1410 3494 fallor,verbu1n

226 3513 294 3565 illud
317 3513 346 3564 in
368 3529 420 3564 usu
443 3510 527 3563 fuisse
550 3507 624 3576 apud
642 3507 756 3560 Sabinos
775 3507 945 3575 Marsosque,
969 3528 1031 3562 cum
1053 3511 1083 3563 hi
1106 3529 1122 3563 a
1143 3511 1249 3564 Sabinis
1273 3512 1410 3580 originem

227 3599 411 3652 deduxissent.
440 3595 571 3649 Similiter
583 3593 691 3647 Servius
711 3611 726 3646 a
739 3593 845 3646 Sabinis
859 3595 918 3663 (XI,
931 3596 1001 3664 785),
1019 3596 1120 3649 Paulus
1134 3598 1170 3666 (p.
1185 3598 1242 3665 106,
1257 3598 1282 3666 1)
1302 3615 1318 3650 a
1335 3598 1410 3650 Sarn-

226 3685 329 3738 nitibus
352 3684 463 3752 hirpurn
485 3681 578 3734 vocari
600 3681 696 3748 lupum
718 3679 903 3749 tradiderunt,
931 3685 1046 3749 uterque
1069 3682 1126 3735 sinc
1150 3682 1233 3735 dubio
1254 3683 1409 3737 Varronem

227 3775 343 3824 secutus.
381 3769 420 3821 ef.
440 3787 465 3837 p.
481 3770 521 3819 70.
549 3765 677 3818 Verrium
704 3766 743 3817 ibi
770 3783 804 3818 ex
826 3767 873 3820 illo
897 3767 1016 3837 pendere
1043 3786 1075 3820 eo
1093 3769 1234 3838 probatur,
1259 3770 1333 3836 quod
1350 3775 1409 3822 tan-

226 3862 284 3909 tum
303 3874 358 3907 non
378 3854 476 3921 amnia,
496 3870 565 3920 quae
584 3852 656 3920 apud
669 3869 731 3904 eum
744 3852 883 3920 pertinent
902 3852 936 3904 ad
953 3871 1002 3906 ver
1015 3861 1131 3920 sacrum,
1150 3854 1316 3922 eVarronis‚
1328 3855 1407 3909 libris

227 3942 364 4010 exscripta
381 3939 517 3993 videntur.
555 3937 594 3991 Of.
613 3939 685 3991 Fest.
704 3957 730 4006 p.
743 3939 793 3989 321
802 3955 825 4005 a,
845 3939 885 4006 18,
904 3938 978 3990 Paul.
998 3959 1024 4008 p.
1037 3942 1097 4006 379,
1116 3940 1147 3992 11
1167 3944 1195 3994 et
1212 3940 1358 4010 Dionysi,
1374 3942 1407 3994 16

228 4028 384 4096 (Kiessling.
403 4045 429 4095 p.
442 4027 494 4093 38),
513 4024 589 4077 Paul.
608 4043 633 4092 p.
647 4025 705 4092 212,
726 4025 758 4075 12
776 4028 804 4076 et
822 4023 892 4078 Plin.
911 4025 963 4092 III,
979 4025 1039 4079 110.
1058 4056 1091 4064 —-
1116 4026 1243 4079 Ceterum
1260 4027 1353 4079 neseio
1371 4045 1407 4080 an

226 4120 300 4167 recte
318 4114 492 4166 Burmannus
513 4111 656 4164 »Marsas«
681 4129 731 4180 pro
752 4125 895 4178 »inapnns«
916 4110 989 4179 apud
1008 4110 1080 4165 Serv.
1099 4112 1163 4177 VII,
1181 4112 1232 4163 684
1250 4113 1406 4168 coniecerit.

315 4201 338 4267 ⁵)
358 4200 398 4252 De
411 4199 528 4251 Feronia
540 4198 591 4252 dea
603 4197 766 4251 Terracinae
786 4196 859 4249 culta
877 4197 911 4250 cf.
925 4196 1078 4251 Varronem
1096 4197 1169 4268 apud
1181 4198 1406 4267 interpolatorem

226 4285 314 4338 serva
332 4285 410 4352 vin,
429 4285 487 4337 564.
