3214 4942
686 353 984 424 -25-.

271 555 368 624 Solin.
388 561 416 641 1,
444 561 546 632 mna.
891 557 939 624 De
962 558 983 623 l.
1001 558 1083 642 L.V‚
1105 563 1155 625 42.

247 695 612 762 »Itometmonmuau-
743 698 859 762 »Hanc
892 703 987 762 antea
1023 704 1157 763 montom
1193 698 1384 764 Saturniam

193 807 372 890 pitolinam
420 807 611 874 Saturniam
665 809 860 891 appellatam
881 808 1095 890 prodiderant
1127 816 1155 875 et
1185 811 1225 874 ab
1259 832 1293 874 eo
1321 809 1383 875 lato

199 919 452 985 nominaverant.
479 917 611 985 Castetli
664 919 856 985 Saturniam
889 926 1021 1002 terram,
1055 926 1090 1000 nt
1122 920 1218 986 etiam
1251 921 1383 986 Ennius

198 1051 319 1114 qnoqm
367 1032 451 1113 qnod
499 1030 611 1096 cacita-
664 1029 846 1113 appeltat.¹)
892 1031 1072 1113 Antiquam
1094 1033 1246 1114 oppidum
1268 1032 1304 1097 in
1327 1033 1384 1098 troc

198 1147 310 1208 oannt
344 1148 475 1224 portam
505 1143 611 1224 appot·
656 1143 765 1228 saissa
787 1143 980 1210 Saturniam
1007 1143 1174 1227 scribitnr;
1206 1144 1273 1210 eins
1295 1143 1382 1210 oesti-

199 1253 346 1319 taoernnt
382 1253 610 1336 Saturniam,
661 1255 721 1336 aia
743 1255 839 1320 otiam
861 1277 946 1320 nano
966 1262 1097 1321 manent
1118 1255 1193 1338 tria,
1220 1257 1304 1338 qnod
1325 1255 1382 1320 Sa-

197 1387 279 1448 qnae
298 1367 499 1447 postmodam
523 1365 612 1430 Pan·
664 1367 752 1432 tarni
781 1366 905 1451 sanam
938 1366 974 1432 in
1004 1367 1170 1451 sancitas,
1208 1369 1292 1449 qnod
1325 1367 1382 1433 Sa·

138 1492 143 1501 '
198 1478 288 1542 dana
309 1477 449 1542 ooasstata
471 1483 541 1542 est«
663 1479 774 1544 tnrnia
799 1486 905 1562 porta,
934 1500 1031 1560 qaam
1052 1477 1172 1545 Ionias
1194 1479 1305 1545 scribit
1325 1479 1382 1561 ibi,

662 1613 760 1673 artam
782 1612 867 1656 nnnc
888 1598 1003 1657 oooant
1025 1589 1291 1670 Pandanam.‹<²)

284 1709 363 1775 Cum
391 1707 492 1776 Solini
519 1684 628 1777 verbis
661 1711 768 1776 »Pars
795 1711 891 1777 etiam
918 1710 1032 1794 intona
1063 1713 1242 1795 Capitolini
1267 1711 1383 1778 montis

197 1821 415 1888 habitaculam
440 1821 629 1889 Carmentae
644 1822 725 1907 snit,
750 1823 806 1887 nbi
832 1822 1011 1888 Carmentis
1033 1846 1118 1890 nrinc
1132 1826 1256 1909 fanam
1278 1831 1331 1906 est,
1359 1846 1381 1888 a

198 1956 262 2016 qao
287 1932 486 2000 Carmentali
511 1942 627 2016 portae
653 1957 767 2001 nomen
800 1937 927 2001 datam«
966 1936 1076 2001 confer
1107 1935 1197 2000 Fest.
1229 1956 1259 2016 p.
1280 1937 1379 2016 ausa,

201 2047 236 2126 2,
265 2063 355 2125 quem
381 2045 500 2128 locum,
529 2045 613 2113 siout
640 2057 766 2129 omnes,
796 2046 911 2129 quibus
935 2046 1046 2129 agitur
1073 2048 1112 2112 de
1144 2045 1250 2128 portis
1279 2045 1379 2128 urbis,

201 2155 370 2223 Mirscbius
394 2165 437 2241 (p.
455 2159 509 2236 51)
531 2161 620 2224 recte
639 2157 794 2224 Varronis
817 2158 1011 2254 fragmentis
1035 2147 1172 2224 inseruit
1223 2157 1270 2222 Cf.
1289 2159 1379 2224 Serv.

202 2266 282 2351 Vlll,
306 2269 379 2333 337.

282 2380 372 2458 Quae
399 2382 439 2448 de
462 2382 643 2448 Arcadibus
667 2382 786 2448 Palatii
812 2381 1033 2449 conditoribus
1061 2382 1190 2448 Solinus
1214 2401 1244 2463 p.
1264 2385 1302 2446 14
1326 2401 1379 2446 ex·

196 2491 298 2575 ponit,
328 2512 368 2558 ea
392 2492 571 2560 Varronem
599 2495 709 2560 eodem
738 2496 831 2560 modo
859 2513 1014 2561 narrasse
1038 2493 1142 2561 Servii
1164 2493 1380 2574 interpolator

196 2605 237 2670 ad
264 2606 344 2671 Aen.
362 2604 450 2688 Vlll,
480 2608 516 2670 51
554 2605 697 2685 docet³):
731 2606 815 2687 quod
849 2625 866 2670 e
898 2605 1025 2671 Palatio
1053 2604 1248 2686 Aborigines
1279 2605 1380 2670 Reate

196 2716 429 2800 commigrasse
446 2716 575 2784 Solinus
598 2717 718 2783 adiecit
727 2718 761 2800 4),
786 2717 855 2784 sive
877 2717 949 2798 ipse
973 2716 1043 2782 sive
1064 2716 1133 2782 eius
1157 2721 1272 2781 eluctor
1294 2717 1379 2780 male

195 2827 401 2895 intellexisse
423 2829 562 2911 videtur,
587 2849 669 2911 quiae
691 2829 819 2910 legerat
842 2821 934 2910 apud
946 2827 1123 2892 Varronem
1150 2826 1268 2893 similia
1291 2826 1380 2892 illius

195 2939 316 3023 verbis,
340 2960 422 3022 quae
445 2946 579 3008 exstant
601 2939 634 3006 in
656 2940 739 3006 libro
763 2940 802 3005 de
822 2939 843 3004 l.
861 2939 896 3004 L.
906 2938 943 3023 V,
961 2939 1041 3016 539)
1075 2938 1109 3004 P.
1128 2944 1167 3004 15
1185 2937 1290 3003 tribus
1306 2937 1381 3003 aliis

286 3145 309 3213 ¹)
328 3145 390 3198 Huc
408 3145 527 3214 pertinet
545 3149 573 3200 et
586 3145 692 3199 Solinus
705 3147 729 3212 2,
748 3143 777 3198 5:
802 3143 886 3212 »Qnis
905 3143 1014 3213 ignorat
1031 3144 1071 3197 nel
1089 3142 1161 3197 diota
1179 3143 1220 3196 ael
1238 3141 1346 3196 condita
1364 3160 1381 3196 a

195 3230 266 3286 Iano
284 3230 450 3296 Ianicmnm,
469 3249 487 3285 a
504 3231 756 3288 SaturnoLatinm
774 3233 855 3298 atone
872 3229 1066 3284 Saturniamt«

281 3335 323 3388 De
335 3333 414 3388 Latio
425 3336 538 3404 vulgare
550 3335 732 3403 veriloquium
745 3335 932 3403 amplectitur;
952 3335 1026 3386 aliud
1035 3334 1124 3388 Varro
1137 3335 1209 3404 apud
1223 3334 1380 3403 Serv.VIII,

194 3422 245 3472 322
266 3420 372 3490 maluit,
391 3421 439 3474 sed
458 3422 581 3490 profecto
603 3437 637 3474 ne
651 3421 720 3474 illud
733 3420 843 3488 quidem
855 3424 987 3474 tacuerat.
1017 3421 1133 3474 Ianiculi
1154 3421 1300 3490 explicatio
1321 3439 1381 3474 con-

195 3505 280 3560 sentit
311 3523 373 3559 eum
399 3507 522 3562 Varrone
558 3508 638 3578 (Aug.
660 3505 728 3575 VII,
754 3508 783 3574 4,
813 3525 839 3575 p.
862 3507 926 3574 279,
956 3507 1056 3575 2812),
1087 3507 1214 3560 dissentit
1244 3525 1260 3560 a
1283 3507 1380 3561 Verrio

195 3591 282 3661 (Paul.
303 3612 328 3662 p.
343 3593 401 3663 104,
420 3595 471 3664 16).

280 3699 302 3767 ²)
321 3697 467 3751 Praeterea
486 3697 519 3751 cf.
533 3697 605 3751 Fest.
619 3716 644 3767 p.
658 3698 709 3750 322
727 3697 752 3749 b.
766 3697 800 3749 24
820 3696 913 3764 (supra
930 3698 986 3765 p.6
1004 3700 1032 3750 et
1050 3697 1101 3764 14).

283 3801 308 3870 ³)
328 3801 349 3854 I.
362 3800 441 3870 VIII,
459 3802 500 3854 51.
531 3799 676 3854 >nicolaii
693 3799 790 3854 Varro:
808 3815 896 3852 nonne
907 3799 1027 3854 Arcades
1044 3801 1135 3854 emittes
1153 3802 1334 3871 configerent
1349 3802 1380 3856 in

195 3886 348 3953 Palatium,
366 3887 431 3941 dnoe
450 3887 615 3940 Euandrot«
654 3887 694 3940 of.
709 3887 742 3941 de
761 3888 778 3940 l.
792 3886 821 3940 L.
828 3887 861 3956 V,
880 3888 925 3952 53;
944 3887 1055 3956 Dionys.
1069 3888 1091 3955 Ι,
1110 3889 1152 3956 31,
1170 3889 1193 3942 4.

282 3991 307 4058 ⁴)
338 3990 422 4058 »qnod
450 3991 608 4060 (Palatium)
631 3989 803 4058 aliquamdiu
820 3990 979 4060 Aborigines
1003 3990 1173 4055 babitarent,
1196 3994 1310 4062 propter
1337 3991 1378 4044 in-

198 4075 363 4130 commodam
375 4075 478 4130 moinoe
485 4076 607 4145 poliadis,
620 4093 702 4144 qnam
709 4076 909 4145 praeterfluens
925 4077 1027 4131 Tiberis
1033 4077 1150 4147 fecerat,
1162 4077 1281 4147 profecti
1293 4077 1379 4131 Reate

195 4162 362 4230 postmodnm
380 4163 572 4231 reliquerant«

284 4265 308 4334 5)
330 4264 503 4336 »Aborigines
530 4283 564 4319 erc
591 4282 657 4335 agro
679 4264 807 4330 Reatino,
834 4265 880 4334 orti
906 4265 1061 4335 appellatur
1081 4266 1232 4333 Pataliam,
1258 4266 1296 4321 ibi
1322 4284 1378 4321 oon-

197 4350 345 4406 sederant«
