<?xml version="1.0" encoding="UTF-8"?>
<!DOCTYPE html PUBLIC "-//W3C//DTD XHTML 1.0 Transitional//EN"
    "http://www.w3.org/TR/xhtml1/DTD/xhtml1-transitional.dtd">
<html xmlns="http://www.w3.org/1999/xhtml" xml:lang="en" lang="en">
 <head>
  <title>
</title>
<meta http-equiv="Content-Type" content="text/html;charset=utf-8" />
  <meta name='ocr-system' content='tesseract 3.04.00' />
  <meta name='ocr-capabilities' content='ocr_page ocr_carea ocr_par ocr_line ocrx_word'/>
</head>
<body>
  <div class='ocr_page' id='page_1' title='image "./questionesvarro00samtgoog_0021.png"; bbox 0 0 3214 4942; ppageno 0'>
   <div class='ocr_carea' id='block_1_1' title="bbox 692 343 906 404">
    <p class='ocr_par' dir='ltr' id='par_1_1' title="bbox 692 343 906 404">
     <span class='ocr_line' id='line_1_1' title="bbox 692 343 906 404; baseline 0.005 -19"><span class='ocrx_word' id='word_1_1' title='bbox 692 343 906 404; x_wconf 75' lang='lat'>...12-</span> 
     </span>
    </p>
   </div>
   <div class='ocr_carea' id='block_1_2' title="bbox 206 528 1392 1290">
    <p class='ocr_par' dir='ltr' id='par_1_2' title="bbox 206 528 1392 1290">
     <span class='ocr_line' id='line_1_2' title="bbox 208 528 1389 611; baseline -0.001 -15"><span class='ocrx_word' id='word_1_2' title='bbox 208 551 264 596; x_wconf 91' lang='lat' dir='ltr'><em>rus</em></span> <span class='ocrx_word' id='word_1_3' title='bbox 288 532 340 609; x_wconf 87' lang='lat' dir='ltr'><em>(de</em></span> <span class='ocrx_word' id='word_1_4' title='bbox 354 528 575 595; x_wconf 88' lang='lat' dir='ltr'><em>Varronianae</em></span> <span class='ocrx_word' id='word_1_5' title='bbox 591 529 760 595; x_wconf 86' lang='lat' dir='ltr'><em>doctrinae</em></span> <span class='ocrx_word' id='word_1_6' title='bbox 784 529 870 610; x_wconf 84' lang='lat' dir='ltr'><em>apud</em></span> <span class='ocrx_word' id='word_1_7' title='bbox 886 528 1093 594; x_wconf 77' lang='lat' dir='ltr'><strong>Plutarchum</strong></span> <span class='ocrx_word' id='word_1_8' title='bbox 1108 529 1269 611; x_wconf 84' lang='lat' dir='ltr'><em>vestigiis.</em></span> <span class='ocrx_word' id='word_1_9' title='bbox 1298 531 1389 597; x_wconf 89' lang='lat' dir='ltr'><em>Stud.</em></span> 
     </span>
     <span class='ocr_line' id='line_1_3' title="bbox 212 638 1392 724; baseline 0.002 -17"><span class='ocrx_word' id='word_1_10' title='bbox 212 642 296 724; x_wconf 85' lang='lat' dir='ltr'><em>Lips.</em></span> <span class='ocrx_word' id='word_1_11' title='bbox 313 641 367 724; x_wconf 85' lang='lat' dir='ltr'><em>IV,</em></span> <span class='ocrx_word' id='word_1_12' title='bbox 386 644 479 713; x_wconf 85' lang='grc'><strong>1881)</strong></span> <span class='ocrx_word' id='word_1_13' title='bbox 503 660 534 721; x_wconf 88' lang='lat' dir='ltr'><em>p.</em></span> <span class='ocrx_word' id='word_1_14' title='bbox 556 644 613 704; x_wconf 84' lang='grc'><em>,164</em></span> <span class='ocrx_word' id='word_1_15' title='bbox 637 640 781 723; x_wconf 84' lang='lat' dir='ltr'><em>negavit.</em></span> <span class='ocrx_word' id='word_1_16' title='bbox 839 638 927 704; x_wconf 82' lang='lat' dir='ltr'><strong>Dicit</strong></span> <span class='ocrx_word' id='word_1_17' title='bbox 956 639 1039 705; x_wconf 90' lang='lat' dir='ltr'><em>enim</em></span> <span class='ocrx_word' id='word_1_18' title='bbox 1064 640 1169 707; x_wconf 86' lang='lat' dir='ltr'><em>Servii</em></span> <span class='ocrx_word' id='word_1_19' title='bbox 1191 644 1293 708; x_wconf 87' lang='lat' dir='ltr'><em>verba</em></span> <span class='ocrx_word' id='word_1_20' title='bbox 1320 646 1392 708; x_wconf 78' lang='lat' dir='ltr'><em>»sed</em></span> 
     </span>
     <span class='ocr_line' id='line_1_4' title="bbox 208 752 1389 836; baseline -0.002 -17"><span class='ocrx_word' id='word_1_21' title='bbox 208 777 276 820; x_wconf 77' lang='lat' dir='ltr'><em>ceren</em></span> <span class='ocrx_word' id='word_1_22' title='bbox 298 776 330 819; x_wconf 88' lang='lat' dir='ltr'><em>se</em></span> <span class='ocrx_word' id='word_1_23' title='bbox 352 753 407 818; x_wconf 86' lang='lat' dir='ltr'><em>iile</em></span> <span class='ocrx_word' id='word_1_24' title='bbox 427 753 528 818; x_wconf 83' lang='lat' dir='ltr'><em>aetate</em></span> <span class='ocrx_word' id='word_1_25' title='bbox 544 754 648 836; x_wconf 76' lang='lat' dir='ltr'><em>capite</em></span> <span class='ocrx_word' id='word_1_26' title='bbox 661 752 850 834; x_wconf 79' lang='lat' dir='ltr'><em>sacrificans</em></span> <span class='ocrx_word' id='word_1_27' title='bbox 865 752 1078 818; x_wconf 74' lang='lat' dir='ltr'><em>convertisset«</em></span> <span class='ocrx_word' id='word_1_28' title='bbox 1105 757 1194 818; x_wconf 80' lang='lat' dir='ltr'><em>recto</em></span> <span class='ocrx_word' id='word_1_29' title='bbox 1211 754 1280 820; x_wconf 90' lang='lat' dir='ltr'><em>talo</em></span> <span class='ocrx_word' id='word_1_30' title='bbox 1298 757 1389 819; x_wconf 88' lang='lat' dir='ltr'><em>stare</em></span> 
     </span>
     <span class='ocr_line' id='line_1_5' title="bbox 208 862 1391 948; baseline 0 -18"><span class='ocrx_word' id='word_1_31' title='bbox 208 885 270 931; x_wconf 91' lang='lat' dir='ltr'><em>non</em></span> <span class='ocrx_word' id='word_1_32' title='bbox 294 883 403 948; x_wconf 88' lang='lat' dir='ltr'><em>posse,</em></span> <span class='ocrx_word' id='word_1_33' title='bbox 426 883 495 929; x_wconf 87' lang='lat' dir='ltr'><em>cum</em></span> <span class='ocrx_word' id='word_1_34' title='bbox 519 883 623 946; x_wconf 92' lang='lat' dir='ltr'><em>neque</em></span> <span class='ocrx_word' id='word_1_35' title='bbox 646 881 755 945; x_wconf 89' lang='lat' dir='ltr'><em>perse</em></span> <span class='ocrx_word' id='word_1_36' title='bbox 777 862 925 928; x_wconf 79' lang='lat' dir='ltr'>idoneam</span> <span class='ocrx_word' id='word_1_37' title='bbox 943 862 1143 929; x_wconf 78' lang='lat' dir='ltr'><strong>sententiam</strong></span> <span class='ocrx_word' id='word_1_38' title='bbox 1161 865 1342 945; x_wconf 88' lang='lat' dir='ltr'><em>praebeant</em></span> <span class='ocrx_word' id='word_1_39' title='bbox 1357 869 1391 930; x_wconf 87' lang='lat' dir='ltr'><em>et</em></span> 
     </span>
     <span class='ocr_line' id='line_1_6' title="bbox 211 974 1391 1059; baseline 0.001 -18"><span class='ocrx_word' id='word_1_40' title='bbox 211 981 326 1042; x_wconf 88' lang='lat' dir='ltr'><em>eontra</em></span> <span class='ocrx_word' id='word_1_41' title='bbox 349 976 486 1041; x_wconf 87' lang='lat' dir='ltr'><em>alterum</em></span> <span class='ocrx_word' id='word_1_42' title='bbox 504 974 608 1041; x_wconf 83' lang='lat' dir='ltr'><em>Servii</em></span> <span class='ocrx_word' id='word_1_43' title='bbox 631 974 736 1040; x_wconf 89' lang='lat' dir='ltr'><em>locum</em></span> <span class='ocrx_word' id='word_1_44' title='bbox 758 979 920 1057; x_wconf 82' lang='lat' dir='ltr'><strong>pugnent:</strong></span> <span class='ocrx_word' id='word_1_45' title='bbox 948 998 1011 1041; x_wconf 83' lang='lat' dir='ltr'><em>»an</em></span> <span class='ocrx_word' id='word_1_46' title='bbox 1026 975 1163 1059; x_wconf 78' lang='lat' dir='ltr'><em>Aeneas,</em></span> <span class='ocrx_word' id='word_1_47' title='bbox 1185 975 1216 1041; x_wconf 88' lang='lat' dir='ltr'><em>si</em></span> <span class='ocrx_word' id='word_1_48' title='bbox 1238 976 1273 1042; x_wconf 93' lang='lat' dir='ltr'><em>in</em></span> <span class='ocrx_word' id='word_1_49' title='bbox 1289 976 1391 1042; x_wconf 84' lang='lat' dir='ltr'><em>medio</em></span> 
     </span>
     <span class='ocr_line' id='line_1_7' title="bbox 206 1081 1392 1171; baseline 0.001 -18"><span class='ocrx_word' id='word_1_50' title='bbox 206 1088 363 1169; x_wconf 78' lang='lat' dir='ltr'><em>sacrificio</em></span> <span class='ocrx_word' id='word_1_51' title='bbox 386 1090 537 1154; x_wconf 88' lang='lat' dir='ltr'><em>adeersns</em></span> <span class='ocrx_word' id='word_1_52' title='bbox 551 1081 667 1152; x_wconf 81' lang='lat' dir='ltr'><em>bisteen</em></span> <span class='ocrx_word' id='word_1_53' title='bbox 687 1089 852 1152; x_wconf 79' lang='lat' dir='ltr'><em>adeuntem</em></span> <span class='ocrx_word' id='word_1_54' title='bbox 868 1095 963 1169; x_wconf 78' lang='lat' dir='ltr'><em>eaput</em></span> <span class='ocrx_word' id='word_1_55' title='bbox 976 1086 1116 1170; x_wconf 82' lang='lat' dir='ltr'><em>velasset,</em></span> <span class='ocrx_word' id='word_1_56' title='bbox 1140 1109 1205 1153; x_wconf 93' lang='lat' dir='ltr'><em>non</em></span> <span class='ocrx_word' id='word_1_57' title='bbox 1221 1088 1392 1171; x_wconf 75' lang='lat' dir='ltr'><em>accepisset</em></span> 
     </span>
     <span class='ocr_line' id='line_1_8' title="bbox 208 1198 1305 1290; baseline -0.001 -25"><span class='ocrx_word' id='word_1_58' title='bbox 208 1199 329 1265; x_wconf 80' lang='lat' dir='ltr'><em>enainon</em></span> <span class='ocrx_word' id='word_1_59' title='bbox 352 1221 450 1281; x_wconf 77' lang='lat' dir='ltr'><em>onnon,</em></span> <span class='ocrx_word' id='word_1_60' title='bbox 474 1199 681 1281; x_wconf 75' lang='lat' dir='ltr'><em>sacrificandi</em></span> <span class='ocrx_word' id='word_1_61' title='bbox 704 1199 847 1264; x_wconf 80' lang='lat' dir='ltr'><em>ordinem</em></span> <span class='ocrx_word' id='word_1_62' title='bbox 869 1222 933 1265; x_wconf 94' lang='lat' dir='ltr'><em>non</em></span> <span class='ocrx_word' id='word_1_63' title='bbox 955 1198 1133 1290; x_wconf 59' lang='lat' dir='ltr'><em>cepisset&amp;</em></span> <span class='ocrx_word' id='word_1_64' title='bbox 1154 1202 1198 1280; x_wconf 87' lang='lat' dir='ltr'><em>(p.</em></span> <span class='ocrx_word' id='word_1_65' title='bbox 1221 1203 1305 1278; x_wconf 80' lang='grc'><strong>165.)</strong></span> 
     </span>
    </p>
   </div>
   <div class='ocr_carea' id='block_1_3' title="bbox 207 1326 1390 2190">
    <p class='ocr_par' dir='ltr' id='par_1_3' title="bbox 207 1326 1390 2190">
     <span class='ocr_line' id='line_1_9' title="bbox 294 1326 1390 1411; baseline 0.001 -19"><span class='ocrx_word' id='word_1_66' title='bbox 294 1326 407 1408; x_wconf 88' lang='lat' dir='ltr'><em>Itaque</em></span> <span class='ocrx_word' id='word_1_67' title='bbox 434 1326 640 1393; x_wconf 90' lang='lat' dir='ltr'><em>inserendam</em></span> <span class='ocrx_word' id='word_1_68' title='bbox 668 1334 781 1394; x_wconf 86' lang='lat' dir='ltr'><em>censet</em></span> <span class='ocrx_word' id='word_1_69' title='bbox 803 1326 997 1410; x_wconf 83' lang='lat' dir='ltr'><em>particulam</em></span> <span class='ocrx_word' id='word_1_70' title='bbox 1024 1349 1136 1410; x_wconf 77' lang='lat' dir='ltr'><em>»non«,</em></span> <span class='ocrx_word' id='word_1_71' title='bbox 1164 1327 1224 1411; x_wconf 83' lang='lat' dir='ltr'><em>ita,</em></span> <span class='ocrx_word' id='word_1_72' title='bbox 1248 1332 1287 1394; x_wconf 93' lang='lat' dir='ltr'><em>ut</em></span> <span class='ocrx_word' id='word_1_73' title='bbox 1312 1329 1390 1393; x_wconf 90' lang='lat' dir='ltr'><em>scri·</em></span> 
     </span>
     <span class='ocr_line' id='line_1_10' title="bbox 208 1439 1386 1522; baseline 0.003 -20"><span class='ocrx_word' id='word_1_74' title='bbox 208 1440 335 1504; x_wconf 87' lang='lat' dir='ltr'><em>bamus:</em></span> <span class='ocrx_word' id='word_1_75' title='bbox 369 1461 454 1505; x_wconf 80' lang='lat' dir='ltr'><em>»enne</em></span> <span class='ocrx_word' id='word_1_76' title='bbox 476 1461 508 1505; x_wconf 89' lang='lat' dir='ltr'><em>se</em></span> <span class='ocrx_word' id='word_1_77' title='bbox 530 1439 585 1504; x_wconf 86' lang='lat' dir='ltr'><em>iiie</em></span> <span class='ocrx_word' id='word_1_78' title='bbox 606 1440 706 1506; x_wconf 82' lang='lat' dir='ltr'><em>uelato</em></span> <span class='ocrx_word' id='word_1_79' title='bbox 731 1440 834 1522; x_wconf 80' lang='lat' dir='ltr'><em>eapite</em></span> <span class='ocrx_word' id='word_1_80' title='bbox 855 1441 1044 1522; x_wconf 67' lang='lat' dir='ltr'><em>sacrificans</em></span> <span class='ocrx_word' id='word_1_81' title='bbox 1072 1461 1137 1505; x_wconf 94' lang='lat' dir='ltr'><em>non</em></span> <span class='ocrx_word' id='word_1_82' title='bbox 1159 1439 1386 1506; x_wconf 76' lang='lat' dir='ltr'><em>convertisset«</em></span> 
     </span>
     <span class='ocr_line' id='line_1_11' title="bbox 207 1549 1389 1617; baseline 0.002 -3"><span class='ocrx_word' id='word_1_83' title='bbox 207 1549 340 1616; x_wconf 83' lang='lat' dir='ltr'><em>Putavit</em></span> <span class='ocrx_word' id='word_1_84' title='bbox 367 1555 475 1616; x_wconf 87' lang='lat' dir='ltr'><em>autem</em></span> <span class='ocrx_word' id='word_1_85' title='bbox 499 1550 691 1617; x_wconf 87' lang='lat' dir='ltr'><em>Glaesserus</em></span> <span class='ocrx_word' id='word_1_86' title='bbox 715 1551 922 1617; x_wconf 83' lang='lat' dir='ltr'><em>Plutarchum</em></span> <span class='ocrx_word' id='word_1_87' title='bbox 946 1588 987 1595; x_wconf 88' lang='lat'>-</span> <span class='ocrx_word' id='word_1_88' title='bbox 1017 1569 1055 1615; x_wconf 89' lang='lat' dir='ltr'><em>ac</em></span> <span class='ocrx_word' id='word_1_89' title='bbox 1079 1550 1229 1616; x_wconf 87' lang='lat' dir='ltr'><em>similiter</em></span> <span class='ocrx_word' id='word_1_90' title='bbox 1251 1549 1389 1616; x_wconf 87' lang='lat' dir='ltr'><em>Gavium</em></span> 
     </span>
     <span class='ocr_line' id='line_1_12' title="bbox 209 1661 1390 1746; baseline 0 -20"><span class='ocrx_word' id='word_1_91' title='bbox 209 1662 345 1728; x_wconf 82' lang='lat' dir='ltr'><em>ansum</em></span> <span class='ocrx_word' id='word_1_92' title='bbox 356 1661 377 1739; x_wconf 88' lang='lat'><em>¹)</em></span> <span class='ocrx_word' id='word_1_93' title='bbox 394 1661 495 1742; x_wconf 88' lang='lat' dir='ltr'><em>(apud</em></span> <span class='ocrx_word' id='word_1_94' title='bbox 510 1662 652 1728; x_wconf 88' lang='lat' dir='ltr'><em>Macrob.</em></span> <span class='ocrx_word' id='word_1_95' title='bbox 669 1662 720 1744; x_wconf 96' lang='grc' dir='ltr'>ΙΙΙ,</span> <span class='ocrx_word' id='word_1_96' title='bbox 737 1665 766 1746; x_wconf 87' lang='grc'>6,</span> <span class='ocrx_word' id='word_1_97' title='bbox 785 1667 833 1736; x_wconf 84' lang='grc'><em>17)</em></span> <span class='ocrx_word' id='word_1_98' title='bbox 850 1667 884 1727; x_wconf 91' lang='lat' dir='ltr'><em>et</em></span> <span class='ocrx_word' id='word_1_99' title='bbox 900 1661 1034 1744; x_wconf 82' lang='lat' dir='ltr'><strong>Dionys.</strong></span> <span class='ocrx_word' id='word_1_100' title='bbox 1049 1661 1118 1738; x_wconf 81' lang='grc' dir='ltr'>ΙΙΙΙ,</span> <span class='ocrx_word' id='word_1_101' title='bbox 1138 1664 1188 1744; x_wconf 87' lang='grc'><em>16,</em></span> <span class='ocrx_word' id='word_1_102' title='bbox 1202 1665 1242 1726; x_wconf 76' lang='lat'><em>22</em></span> <span class='ocrx_word' id='word_1_103' title='bbox 1259 1698 1300 1707; x_wconf 90' lang='lat'>—</span> <span class='ocrx_word' id='word_1_104' title='bbox 1317 1681 1390 1727; x_wconf 87' lang='lat' dir='ltr'><em>nar·</em></span> 
     </span>
     <span class='ocr_line' id='line_1_13' title="bbox 207 1773 1390 1855; baseline 0.001 -18"><span class='ocrx_word' id='word_1_105' title='bbox 207 1792 282 1837; x_wconf 89' lang='lat' dir='ltr'><em>rare</em></span> <span class='ocrx_word' id='word_1_106' title='bbox 310 1791 431 1838; x_wconf 90' lang='lat' dir='ltr'><em>morem</em></span> <span class='ocrx_word' id='word_1_107' title='bbox 457 1773 567 1838; x_wconf 87' lang='lat' dir='ltr'><em>velato</em></span> <span class='ocrx_word' id='word_1_108' title='bbox 597 1773 704 1855; x_wconf 87' lang='lat' dir='ltr'><em>eapite</em></span> <span class='ocrx_word' id='word_1_109' title='bbox 733 1773 936 1840; x_wconf 86' lang='lat' dir='ltr'><em>sacrificandi</em></span> <span class='ocrx_word' id='word_1_110' title='bbox 965 1775 1038 1855; x_wconf 88' lang='lat' dir='ltr'><em>ipsa</em></span> <span class='ocrx_word' id='word_1_111' title='bbox 1065 1773 1123 1839; x_wconf 88' lang='lat' dir='ltr'><em>illa</em></span> <span class='ocrx_word' id='word_1_112' title='bbox 1146 1775 1316 1841; x_wconf 84' lang='lat' dir='ltr'><em>occasione</em></span> <span class='ocrx_word' id='word_1_113' title='bbox 1342 1773 1390 1838; x_wconf 92' lang='lat' dir='ltr'><em>in·</em></span> 
     </span>
     <span class='ocr_line' id='line_1_14' title="bbox 208 1883 1390 1967; baseline -0.001 -18"><span class='ocrx_word' id='word_1_114' title='bbox 208 1891 341 1950; x_wconf 87' lang='lat' dir='ltr'><em>ventum</em></span> <span class='ocrx_word' id='word_1_115' title='bbox 363 1889 397 1949; x_wconf 88' lang='lat' dir='ltr'><em>et</em></span> <span class='ocrx_word' id='word_1_116' title='bbox 420 1889 535 1966; x_wconf 89' lang='lat' dir='ltr'><em>postea</em></span> <span class='ocrx_word' id='word_1_117' title='bbox 558 1883 745 1950; x_wconf 87' lang='lat' dir='ltr'><em>aRomanis</em></span> <span class='ocrx_word' id='word_1_118' title='bbox 768 1889 934 1967; x_wconf 87' lang='lat' dir='ltr'><em>acceptum</em></span> <span class='ocrx_word' id='word_1_119' title='bbox 958 1903 1039 1951; x_wconf 87' lang='lat' dir='ltr'><em>esse.</em></span> <span class='ocrx_word' id='word_1_120' title='bbox 1077 1884 1254 1951; x_wconf 89' lang='lat' dir='ltr'><em>Varronem</em></span> <span class='ocrx_word' id='word_1_121' title='bbox 1274 1889 1390 1950; x_wconf 86' lang='lat' dir='ltr'><em>eontra</em></span> 
     </span>
     <span class='ocr_line' id='line_1_15' title="bbox 208 1995 1389 2080; baseline -0.001 -19"><span class='ocrx_word' id='word_1_122' title='bbox 208 2015 329 2078; x_wconf 80' lang='lat' dir='ltr'><em>negare</em></span> <span class='ocrx_word' id='word_1_123' title='bbox 352 1998 494 2061; x_wconf 86' lang='lat' dir='ltr'><em>Aeneam</em></span> <span class='ocrx_word' id='word_1_124' title='bbox 518 2015 553 2061; x_wconf 88' lang='lat' dir='ltr'><em>se</em></span> <span class='ocrx_word' id='word_1_125' title='bbox 577 1997 618 2060; x_wconf 89' lang='lat' dir='ltr'><em>ad</em></span> <span class='ocrx_word' id='word_1_126' title='bbox 642 1995 828 2062; x_wconf 80' lang='lat' dir='ltr'><em>Diomedem</em></span> <span class='ocrx_word' id='word_1_127' title='bbox 853 1998 1070 2080; x_wconf 77' lang='lat' dir='ltr'><em>convertisse,</em></span> <span class='ocrx_word' id='word_1_128' title='bbox 1099 1996 1175 2077; x_wconf 92' lang='lat' dir='ltr'><em>quia</em></span> <span class='ocrx_word' id='word_1_129' title='bbox 1197 1995 1311 2061; x_wconf 88' lang='lat' dir='ltr'><em>Heleni</em></span> <span class='ocrx_word' id='word_1_130' title='bbox 1334 2015 1389 2060; x_wconf 94' lang='lat' dir='ltr'><em>va-</em></span> 
     </span>
     <span class='ocr_line' id='line_1_16' title="bbox 208 2107 1045 2190; baseline 0.001 -18"><span class='ocrx_word' id='word_1_131' title='bbox 208 2107 318 2173; x_wconf 90' lang='lat' dir='ltr'><em>ticinio</em></span> <span class='ocrx_word' id='word_1_132' title='bbox 342 2109 516 2174; x_wconf 85' lang='lat' dir='ltr'><em>obsecutus</em></span> <span class='ocrx_word' id='word_1_133' title='bbox 541 2108 650 2174; x_wconf 87' lang='lat' dir='ltr'><em>velato</em></span> <span class='ocrx_word' id='word_1_134' title='bbox 675 2107 783 2190; x_wconf 87' lang='lat' dir='ltr'><em>eapite</em></span> <span class='ocrx_word' id='word_1_135' title='bbox 808 2107 1045 2181; x_wconf 68' lang='lat' dir='ltr'><em>sacrificaretb.</em></span> 
     </span>
    </p>
   </div>
   <div class='ocr_carea' id='block_1_4' title="bbox 207 2235 1387 2878">
    <p class='ocr_par' dir='ltr' id='par_1_4' title="bbox 207 2235 1387 2766">
     <span class='ocr_line' id='line_1_17' title="bbox 294 2235 1386 2318; baseline 0.002 -17"><span class='ocrx_word' id='word_1_136' title='bbox 294 2237 359 2302; x_wconf 83' lang='lat' dir='ltr'><em>Sed</em></span> <span class='ocrx_word' id='word_1_137' title='bbox 380 2235 459 2301; x_wconf 86' lang='lat' dir='ltr'><em>lieet</em></span> <span class='ocrx_word' id='word_1_138' title='bbox 477 2235 578 2302; x_wconf 84' lang='lat' dir='ltr'><em>Varro</em></span> <span class='ocrx_word' id='word_1_139' title='bbox 595 2238 790 2302; x_wconf 88' lang='lat' dir='ltr'><em>mentionem</em></span> <span class='ocrx_word' id='word_1_140' title='bbox 813 2237 928 2302; x_wconf 87' lang='lat' dir='ltr'><em>feeerit</em></span> <span class='ocrx_word' id='word_1_141' title='bbox 944 2237 1057 2301; x_wconf 90' lang='lat' dir='ltr'><em>Heleni</em></span> <span class='ocrx_word' id='word_1_142' title='bbox 1079 2236 1112 2302; x_wconf 90' lang='lat' dir='ltr'><em>in</em></span> <span class='ocrx_word' id='word_1_143' title='bbox 1136 2236 1386 2318; x_wconf 89' lang='lat' dir='ltr'><em>antiquitatibus</em></span> 
     </span>
     <span class='ocr_line' id='line_1_18' title="bbox 209 2346 1386 2431; baseline 0 -19"><span class='ocrx_word' id='word_1_144' title='bbox 209 2347 356 2429; x_wconf 80' lang='lat' dir='ltr'><em>(Dionys,</em></span> <span class='ocrx_word' id='word_1_145' title='bbox 374 2346 396 2431; x_wconf 96' lang='grc' dir='ltr'>Ι,</span> <span class='ocrx_word' id='word_1_146' title='bbox 414 2351 512 2429; x_wconf 83' lang='grc'><strong>51,1;</strong></span> <span class='ocrx_word' id='word_1_147' title='bbox 543 2347 633 2414; x_wconf 87' lang='lat' dir='ltr'><em>Serv.</em></span> <span class='ocrx_word' id='word_1_148' title='bbox 650 2347 704 2430; x_wconf 95' lang='grc' dir='ltr'><em>ΙΙΙ,</em></span> <span class='ocrx_word' id='word_1_149' title='bbox 718 2350 804 2431; x_wconf 78' lang='grc'>334),</span> <span class='ocrx_word' id='word_1_150' title='bbox 832 2350 903 2414; x_wconf 89' lang='lat' dir='ltr'><em>hac</em></span> <span class='ocrx_word' id='word_1_151' title='bbox 929 2349 963 2414; x_wconf 92' lang='lat' dir='ltr'><em>in</em></span> <span class='ocrx_word' id='word_1_152' title='bbox 986 2367 1022 2412; x_wconf 93' lang='lat' dir='ltr'><em>re</em></span> <span class='ocrx_word' id='word_1_153' title='bbox 1048 2347 1136 2414; x_wconf 89' lang='lat' dir='ltr'><em>illius</em></span> <span class='ocrx_word' id='word_1_154' title='bbox 1160 2352 1271 2430; x_wconf 87' lang='lat' dir='ltr'><em>partes</em></span> <span class='ocrx_word' id='word_1_155' title='bbox 1298 2354 1386 2413; x_wconf 89' lang='lat' dir='ltr'><em>certe</em></span> 
     </span>
     <span class='ocr_line' id='line_1_19' title="bbox 209 2457 1387 2546; baseline 0.003 -25"><span class='ocrx_word' id='word_1_156' title='bbox 209 2457 353 2540; x_wconf 83' lang='lat' dir='ltr'><em>Vergilio</em></span> <span class='ocrx_word' id='word_1_157' title='bbox 376 2460 547 2525; x_wconf 89' lang='lat' dir='ltr'><em>debentur:</em></span> <span class='ocrx_word' id='word_1_158' title='bbox 572 2479 675 2540; x_wconf 92' lang='lat' dir='ltr'><em>neque</em></span> <span class='ocrx_word' id='word_1_159' title='bbox 698 2459 782 2525; x_wconf 89' lang='lat' dir='ltr'><em>enim</em></span> <span class='ocrx_word' id='word_1_160' title='bbox 806 2459 985 2525; x_wconf 88' lang='lat' dir='ltr'><em>eVarrone</em></span> <span class='ocrx_word' id='word_1_161' title='bbox 1009 2459 1048 2524; x_wconf 91' lang='lat' dir='ltr'><em>de</em></span> <span class='ocrx_word' id='word_1_162' title='bbox 1069 2459 1190 2525; x_wconf 91' lang='lat' dir='ltr'><em>Heleno</em></span> <span class='ocrx_word' id='word_1_163' title='bbox 1213 2459 1299 2525; x_wconf 88' lang='lat' dir='ltr'><em>illius</em></span> <span class='ocrx_word' id='word_1_164' title='bbox 1321 2479 1387 2546; x_wconf 86' lang='lat' dir='ltr'><em>mo·</em></span> 
     </span>
     <span class='ocr_line' id='line_1_20' title="bbox 207 2569 1386 2653; baseline -0.001 -17"><span class='ocrx_word' id='word_1_165' title='bbox 207 2570 254 2637; x_wconf 92' lang='lat' dir='ltr'><em>ris</em></span> <span class='ocrx_word' id='word_1_166' title='bbox 277 2574 411 2637; x_wconf 80' lang='lat' dir='ltr'><em>arretore</em></span> <span class='ocrx_word' id='word_1_167' title='bbox 434 2569 607 2651; x_wconf 89' lang='lat' dir='ltr'><em>quidquam</em></span> <span class='ocrx_word' id='word_1_168' title='bbox 623 2570 755 2637; x_wconf 83' lang='lat' dir='ltr'><em>Servius</em></span> <span class='ocrx_word' id='word_1_169' title='bbox 778 2572 903 2653; x_wconf 82' lang='lat' dir='ltr'><em>profert</em></span> <span class='ocrx_word' id='word_1_170' title='bbox 922 2571 942 2635; x_wconf 95' lang='lat' dir='ltr'><em>l.</em></span> <span class='ocrx_word' id='word_1_171' title='bbox 955 2571 976 2635; x_wconf 94' lang='grc' dir='ltr'><em>Ι.</em></span> <span class='ocrx_word' id='word_1_172' title='bbox 1001 2590 1103 2652; x_wconf 91' lang='lat' dir='ltr'><em>neque</em></span> <span class='ocrx_word' id='word_1_173' title='bbox 1119 2571 1202 2638; x_wconf 88' lang='lat' dir='ltr'><em>alius</em></span> <span class='ocrx_word' id='word_1_174' title='bbox 1219 2571 1386 2653; x_wconf 90' lang='lat' dir='ltr'><em>quisquam</em></span> 
     </span>
     <span class='ocr_line' id='line_1_21' title="bbox 208 2681 669 2766; baseline 0 -18"><span class='ocrx_word' id='word_1_175' title='bbox 208 2687 338 2766; x_wconf 88' lang='lat' dir='ltr'><em>praeter</em></span> <span class='ocrx_word' id='word_1_176' title='bbox 361 2702 457 2748; x_wconf 90' lang='lat' dir='ltr'><em>unum</em></span> <span class='ocrx_word' id='word_1_177' title='bbox 482 2681 669 2764; x_wconf 84' lang='lat' dir='ltr'><em>Vergilium.</em></span> 
     </span>
    </p>

    <p class='ocr_par' dir='ltr' id='par_1_5' title="bbox 298 2783 1386 2878">
     <span class='ocr_line' id='line_1_22' title="bbox 298 2783 1386 2878; baseline -0.001 -18"><span class='ocrx_word' id='word_1_178' title='bbox 298 2794 470 2860; x_wconf 84' lang='lat' dir='ltr'><em>Praeterea</em></span> <span class='ocrx_word' id='word_1_179' title='bbox 487 2793 679 2860; x_wconf 87' lang='lat' dir='ltr'><em>Glaesserus</em></span> <span class='ocrx_word' id='word_1_180' title='bbox 702 2793 835 2876; x_wconf 84' lang='lat' dir='ltr'><em>erravit,</em></span> <span class='ocrx_word' id='word_1_181' title='bbox 858 2812 929 2860; x_wconf 90' lang='lat' dir='ltr'><em>cum</em></span> <span class='ocrx_word' id='word_1_182' title='bbox 948 2783 1098 2875; x_wconf 85' lang='lat' dir='ltr'><em>Aeneam,</em></span> <span class='ocrx_word' id='word_1_183' title='bbox 1122 2795 1186 2860; x_wconf 89' lang='lat' dir='ltr'><em>etsi</em></span> <span class='ocrx_word' id='word_1_184' title='bbox 1210 2795 1316 2878; x_wconf 84' lang='lat' dir='ltr'><em>eapite</em></span> <span class='ocrx_word' id='word_1_185' title='bbox 1332 2813 1386 2861; x_wconf 91' lang='lat' dir='ltr'><em>ve·</em></span> 
     </span>
    </p>
   </div>
   <div class='ocr_carea' id='block_1_5' title="bbox 208 2953 411 2960">
    <p class='ocr_par' dir='ltr' id='par_1_6' title="bbox 208 2953 411 2960">
     <span class='ocr_line' id='line_1_23' title="bbox 208 2953 411 2960; baseline -0.01 0"><span class='ocrx_word' id='word_1_186' title='bbox 208 2953 411 2960; x_wconf 73' lang='lat'><em>——.—-.</em></span> 
     </span>
    </p>
   </div>
   <div class='ocr_carea' id='block_1_6' title="bbox 206 3033 1387 3188">
    <p class='ocr_par' dir='ltr' id='par_1_7' title="bbox 206 3033 1387 3188">
     <span class='ocr_line' id='line_1_24' title="bbox 297 3033 1387 3103; baseline 0 -17"><span class='ocrx_word' id='word_1_187' title='bbox 297 3035 318 3103; x_wconf 85' lang='lat'><em>¹)</em></span> <span class='ocrx_word' id='word_1_188' title='bbox 339 3033 441 3086; x_wconf 85' lang='lat' dir='ltr'><em>Gavius</em></span> <span class='ocrx_word' id='word_1_189' title='bbox 454 3033 554 3085; x_wconf 86' lang='lat' dir='ltr'><em>Bassus</em></span> <span class='ocrx_word' id='word_1_190' title='bbox 568 3033 679 3085; x_wconf 88' lang='lat' dir='ltr'><em>omnino</em></span> <span class='ocrx_word' id='word_1_191' title='bbox 691 3033 810 3086; x_wconf 89' lang='lat' dir='ltr'><em>Varroni</em></span> <span class='ocrx_word' id='word_1_192' title='bbox 829 3035 964 3087; x_wconf 82' lang='lat' dir='ltr'><em>artissime</em></span> <span class='ocrx_word' id='word_1_193' title='bbox 983 3052 1011 3086; x_wconf 90' lang='lat' dir='ltr'><em>se</em></span> <span class='ocrx_word' id='word_1_194' title='bbox 1030 3034 1185 3103; x_wconf 87' lang='lat' dir='ltr'><em>adplicavit.</em></span> <span class='ocrx_word' id='word_1_195' title='bbox 1215 3034 1254 3086; x_wconf 79' lang='lat' dir='ltr'><em>Cf.</em></span> <span class='ocrx_word' id='word_1_196' title='bbox 1268 3034 1387 3086; x_wconf 88' lang='lat' dir='ltr'><em>Maorob.</em></span> 
     </span>
     <span class='ocr_line' id='line_1_25' title="bbox 206 3118 1386 3188; baseline 0 -15"><span class='ocrx_word' id='word_1_197' title='bbox 206 3121 258 3186; x_wconf 92' lang='grc' dir='ltr'><em>ΙΙΙ,</em></span> <span class='ocrx_word' id='word_1_198' title='bbox 271 3121 312 3188; x_wconf 88' lang='grc'><em>18,</em></span> <span class='ocrx_word' id='word_1_199' title='bbox 325 3122 341 3171; x_wconf 85' lang='grc'><strong>3</strong></span> <span class='ocrx_word' id='word_1_200' title='bbox 354 3125 381 3173; x_wconf 89' lang='lat' dir='ltr'><em>et</em></span> <span class='ocrx_word' id='word_1_201' title='bbox 393 3120 415 3188; x_wconf 88' lang='grc' dir='ltr'><em>Ι,</em></span> <span class='ocrx_word' id='word_1_202' title='bbox 428 3121 452 3186; x_wconf 86' lang='grc'>9,</span> <span class='ocrx_word' id='word_1_203' title='bbox 467 3120 506 3172; x_wconf 85' lang='grc'><em>13.</em></span> <span class='ocrx_word' id='word_1_204' title='bbox 536 3118 658 3186; x_wconf 89' lang='lat' dir='ltr'><em>Utroque</em></span> <span class='ocrx_word' id='word_1_205' title='bbox 672 3119 744 3170; x_wconf 89' lang='lat' dir='ltr'><em>enim</em></span> <span class='ocrx_word' id='word_1_206' title='bbox 758 3120 818 3172; x_wconf 88' lang='lat' dir='ltr'><em>loeo</em></span> <span class='ocrx_word' id='word_1_207' title='bbox 829 3121 1000 3174; x_wconf 88' lang='lat' dir='ltr'><em>Varroniana</em></span> <span class='ocrx_word' id='word_1_208' title='bbox 1013 3122 1087 3174; x_wconf 87' lang='lat' dir='ltr'><em>illius</em></span> <span class='ocrx_word' id='word_1_209' title='bbox 1100 3121 1211 3174; x_wconf 90' lang='lat' dir='ltr'><em>nomine</em></span> <span class='ocrx_word' id='word_1_210' title='bbox 1230 3121 1386 3173; x_wconf 85' lang='lat' dir='ltr'><em>traduntur.</em></span> 
     </span>
    </p>
   </div>
   <div class='ocr_carea' id='block_1_7' title="bbox 208 3204 1331 3274">
    <p class='ocr_par' dir='ltr' id='par_1_8' title="bbox 208 3204 1331 3274">
     <span class='ocr_line' id='line_1_26' title="bbox 208 3204 1331 3274; baseline -0.001 -14"><span class='ocrx_word' id='word_1_211' title='bbox 208 3206 338 3260; x_wconf 84' lang='lat' dir='ltr'><em>Conferas</em></span> <span class='ocrx_word' id='word_1_212' title='bbox 357 3224 420 3258; x_wconf 91' lang='lat' dir='ltr'><em>oum</em></span> <span class='ocrx_word' id='word_1_213' title='bbox 438 3208 490 3259; x_wconf 87' lang='lat' dir='ltr'><em>hoe</em></span> <span class='ocrx_word' id='word_1_214' title='bbox 509 3206 569 3258; x_wconf 89' lang='lat' dir='ltr'><em>loco</em></span> <span class='ocrx_word' id='word_1_215' title='bbox 588 3205 657 3272; x_wconf 81' lang='lat' dir='ltr'><em>Aug.</em></span> <span class='ocrx_word' id='word_1_216' title='bbox 677 3204 710 3258; x_wconf 87' lang='lat' dir='ltr'><em>de</em></span> <span class='ocrx_word' id='word_1_217' title='bbox 730 3222 751 3258; x_wconf 86' lang='lat' dir='ltr'><em>o.</em></span> <span class='ocrx_word' id='word_1_218' title='bbox 770 3205 802 3258; x_wconf 92' lang='lat' dir='ltr'><em>D.</em></span> <span class='ocrx_word' id='word_1_219' title='bbox 816 3206 879 3274; x_wconf 91' lang='lat' dir='ltr'>VII,</span> <span class='ocrx_word' id='word_1_220' title='bbox 898 3208 922 3273; x_wconf 89' lang='grc'><em>8,</em></span> <span class='ocrx_word' id='word_1_221' title='bbox 942 3224 1004 3259; x_wconf 89' lang='lat' dir='ltr'><em>eum</em></span> <span class='ocrx_word' id='word_1_222' title='bbox 1023 3208 1070 3260; x_wconf 90' lang='lat' dir='ltr'><em>illo</em></span> <span class='ocrx_word' id='word_1_223' title='bbox 1089 3208 1122 3260; x_wconf 87' lang='lat' dir='ltr'><em>de</em></span> <span class='ocrx_word' id='word_1_224' title='bbox 1140 3208 1157 3260; x_wconf 96' lang='grc' dir='ltr'><em>Ι.</em></span> <span class='ocrx_word' id='word_1_225' title='bbox 1176 3206 1207 3258; x_wconf 88' lang='lat' dir='ltr'><em>L.</em></span> <span class='ocrx_word' id='word_1_226' title='bbox 1221 3207 1254 3268; x_wconf 84' lang='lat' dir='ltr'><em>V,</em></span> <span class='ocrx_word' id='word_1_227' title='bbox 1274 3207 1331 3259; x_wconf 80' lang='lat'>102.</span> 
     </span>
    </p>
   </div>
   <div class='ocr_carea' id='block_1_8' title="bbox 206 3309 1390 4328">
    <p class='ocr_par' dir='ltr' id='par_1_9' title="bbox 206 3309 1390 3811">
     <span class='ocr_line' id='line_1_27' title="bbox 294 3309 1389 3380; baseline -0.002 -16"><span class='ocrx_word' id='word_1_228' title='bbox 294 3313 318 3380; x_wconf 83' lang='lat'><em>²)</em></span> <span class='ocrx_word' id='word_1_229' title='bbox 337 3312 455 3365; x_wconf 87' lang='lat' dir='ltr'><em>Maxime</em></span> <span class='ocrx_word' id='word_1_230' title='bbox 472 3329 503 3364; x_wconf 92' lang='lat' dir='ltr'><em>eo</em></span> <span class='ocrx_word' id='word_1_231' title='bbox 517 3310 650 3362; x_wconf 87' lang='lat' dir='ltr'><em>adductus</em></span> <span class='ocrx_word' id='word_1_232' title='bbox 664 3326 722 3361; x_wconf 89' lang='lat' dir='ltr'><em>esse</em></span> <span class='ocrx_word' id='word_1_233' title='bbox 738 3309 895 3363; x_wconf 85' lang='lat' dir='ltr'><em>Glaesserus</em></span> <span class='ocrx_word' id='word_1_234' title='bbox 905 3311 1022 3378; x_wconf 85' lang='lat' dir='ltr'><em>videtur,</em></span> <span class='ocrx_word' id='word_1_235' title='bbox 1036 3315 1066 3363; x_wconf 91' lang='lat' dir='ltr'><em>ut</em></span> <span class='ocrx_word' id='word_1_236' title='bbox 1079 3310 1228 3364; x_wconf 88' lang='lat' dir='ltr'><em>secundum</em></span> <span class='ocrx_word' id='word_1_237' title='bbox 1237 3310 1389 3364; x_wconf 87' lang='lat' dir='ltr'><em>Varronem</em></span> 
     </span>
     <span class='ocr_line' id='line_1_28' title="bbox 206 3396 1390 3467; baseline -0.003 -16"><span class='ocrx_word' id='word_1_238' title='bbox 206 3417 261 3451; x_wconf 90' lang='lat' dir='ltr'><em>non</em></span> <span class='ocrx_word' id='word_1_239' title='bbox 284 3399 374 3467; x_wconf 91' lang='lat' dir='ltr'><em>ipsum</em></span> <span class='ocrx_word' id='word_1_240' title='bbox 393 3399 515 3452; x_wconf 84' lang='lat' dir='ltr'><em>Aeneam</em></span> <span class='ocrx_word' id='word_1_241' title='bbox 533 3396 669 3448; x_wconf 88' lang='lat' dir='ltr'><em>invenisse</em></span> <span class='ocrx_word' id='word_1_242' title='bbox 695 3396 773 3448; x_wconf 88' lang='lat' dir='ltr'><em>illum</em></span> <span class='ocrx_word' id='word_1_243' title='bbox 800 3412 904 3448; x_wconf 89' lang='lat' dir='ltr'><em>morem</em></span> <span class='ocrx_word' id='word_1_244' title='bbox 927 3401 1049 3465; x_wconf 81' lang='lat' dir='ltr'><em>putaret,</em></span> <span class='ocrx_word' id='word_1_245' title='bbox 1077 3397 1150 3464; x_wconf 91' lang='lat' dir='ltr'><em>quod</em></span> <span class='ocrx_word' id='word_1_246' title='bbox 1170 3396 1304 3448; x_wconf 83' lang='lat' dir='ltr'><em>Graecum</em></span> <span class='ocrx_word' id='word_1_247' title='bbox 1331 3414 1390 3449; x_wconf 88' lang='lat' dir='ltr'><em>esse</em></span> 
     </span>
     <span class='ocr_line' id='line_1_29' title="bbox 206 3481 1389 3553; baseline -0.003 -16"><span class='ocrx_word' id='word_1_248' title='bbox 206 3485 295 3553; x_wconf 85' lang='lat' dir='ltr'><em>eapite</em></span> <span class='ocrx_word' id='word_1_249' title='bbox 313 3489 409 3553; x_wconf 77' lang='lat' dir='ltr'><em>operto</em></span> <span class='ocrx_word' id='word_1_250' title='bbox 428 3482 600 3537; x_wconf 85' lang='lat' dir='ltr'><em>sacrificandi</em></span> <span class='ocrx_word' id='word_1_251' title='bbox 618 3482 702 3534; x_wconf 91' lang='lat' dir='ltr'><em>ritum</em></span> <span class='ocrx_word' id='word_1_252' title='bbox 714 3482 792 3533; x_wconf 90' lang='lat' dir='ltr'><em>illurn</em></span> <span class='ocrx_word' id='word_1_253' title='bbox 806 3482 878 3551; x_wconf 85' lang='lat' dir='ltr'><em>apud</em></span> <span class='ocrx_word' id='word_1_254' title='bbox 891 3482 974 3535; x_wconf 89' lang='lat' dir='ltr'><em>Macr.</em></span> <span class='ocrx_word' id='word_1_255' title='bbox 988 3483 1040 3547; x_wconf 90' lang='grc' dir='ltr'>ΙΙΙ,</span> <span class='ocrx_word' id='word_1_256' title='bbox 1059 3486 1083 3550; x_wconf 87' lang='grc'><em>6,</em></span> <span class='ocrx_word' id='word_1_257' title='bbox 1104 3485 1135 3535; x_wconf 88' lang='grc'><em>17</em></span> <span class='ocrx_word' id='word_1_258' title='bbox 1156 3481 1301 3534; x_wconf 84' lang='lat' dir='ltr'><em>tradidisse</em></span> <span class='ocrx_word' id='word_1_259' title='bbox 1320 3481 1389 3535; x_wconf 86' lang='lat' dir='ltr'><em>falso</em></span> 
     </span>
     <span class='ocr_line' id='line_1_30' title="bbox 207 3567 1388 3640; baseline -0.003 -17"><span class='ocrx_word' id='word_1_260' title='bbox 207 3571 259 3623; x_wconf 89' lang='lat' dir='ltr'><em>sibi</em></span> <span class='ocrx_word' id='word_1_261' title='bbox 276 3571 412 3640; x_wconf 85' lang='lat' dir='ltr'><em>persuasit</em></span> <span class='ocrx_word' id='word_1_262' title='bbox 431 3572 466 3639; x_wconf 85' lang='lat' dir='ltr'><em>(p.</em></span> <span class='ocrx_word' id='word_1_263' title='bbox 478 3570 547 3637; x_wconf 83' lang='grc'><strong>168).</strong></span> <span class='ocrx_word' id='word_1_264' title='bbox 574 3567 706 3621; x_wconf 80' lang='lat' dir='ltr'><em>Varronis</em></span> <span class='ocrx_word' id='word_1_265' title='bbox 725 3569 798 3621; x_wconf 90' lang='lat' dir='ltr'><em>enim</em></span> <span class='ocrx_word' id='word_1_266' title='bbox 816 3569 901 3621; x_wconf 85' lang='lat' dir='ltr'><em>verba</em></span> <span class='ocrx_word' id='word_1_267' title='bbox 919 3568 1086 3622; x_wconf 86' lang='lat' dir='ltr'><em>aMaorobio</em></span> <span class='ocrx_word' id='word_1_268' title='bbox 1106 3572 1214 3622; x_wconf 85' lang='lat' dir='ltr'><em>servata</em></span> <span class='ocrx_word' id='word_1_269' title='bbox 1232 3567 1388 3632; x_wconf 71' lang='lat' dir='ltr'><em>„Graecam</em></span> 
     </span>
     <span class='ocr_line' id='line_1_31' title="bbox 206 3653 1388 3724; baseline -0.003 -15"><span class='ocrx_word' id='word_1_270' title='bbox 206 3656 276 3709; x_wconf 82' lang='lat' dir='ltr'><em>lanne</em></span> <span class='ocrx_word' id='word_1_271' title='bbox 295 3673 348 3710; x_wconf 88' lang='lat' dir='ltr'><em>esse</em></span> <span class='ocrx_word' id='word_1_272' title='bbox 366 3662 483 3709; x_wconf 84' lang='lat' dir='ltr'><em>neorcnc“</em></span> <span class='ocrx_word' id='word_1_273' title='bbox 508 3674 563 3709; x_wconf 90' lang='lat' dir='ltr'><em>non</em></span> <span class='ocrx_word' id='word_1_274' title='bbox 586 3655 620 3707; x_wconf 90' lang='lat' dir='ltr'><em>ad</em></span> <span class='ocrx_word' id='word_1_275' title='bbox 643 3655 727 3707; x_wconf 83' lang='lat' dir='ltr'><em>ritum</em></span> <span class='ocrx_word' id='word_1_276' title='bbox 754 3656 857 3723; x_wconf 87' lang='lat' dir='ltr'><em>velato,</em></span> <span class='ocrx_word' id='word_1_277' title='bbox 886 3655 934 3708; x_wconf 88' lang='lat' dir='ltr'><em>sed</em></span> <span class='ocrx_word' id='word_1_278' title='bbox 958 3660 1076 3724; x_wconf 87' lang='lat' dir='ltr'><em>aperto</em></span> <span class='ocrx_word' id='word_1_279' title='bbox 1099 3656 1188 3724; x_wconf 86' lang='lat' dir='ltr'><em>eapite</em></span> <span class='ocrx_word' id='word_1_280' title='bbox 1217 3653 1388 3707; x_wconf 85' lang='lat' dir='ltr'><em>sacrificandi</em></span> 
     </span>
     <span class='ocr_line' id='line_1_32' title="bbox 207 3744 356 3811; baseline -0.007 -16"><span class='ocrx_word' id='word_1_281' title='bbox 207 3744 356 3811; x_wconf 88' lang='lat' dir='ltr'><em>pertinent.</em></span> 
     </span>
    </p>

    <p class='ocr_par' dir='ltr' id='par_1_10' title="bbox 206 3825 1389 4328">
     <span class='ocr_line' id='line_1_33' title="bbox 292 3825 1388 3897; baseline -0.004 -15"><span class='ocrx_word' id='word_1_282' title='bbox 292 3830 374 3883; x_wconf 89' lang='lat' dir='ltr'><em>Macr.</em></span> <span class='ocrx_word' id='word_1_283' title='bbox 394 3829 450 3897; x_wconf 91' lang='grc' dir='ltr'>ΙΙΙ,</span> <span class='ocrx_word' id='word_1_284' title='bbox 469 3831 498 3896; x_wconf 90' lang='grc'>6,</span> <span class='ocrx_word' id='word_1_285' title='bbox 518 3829 558 3882; x_wconf 87' lang='grc'><em>17.</em></span> <span class='ocrx_word' id='word_1_286' title='bbox 587 3828 765 3892; x_wconf 76' lang='lat' dir='ltr'><em>„Cecstodiinr</em></span> <span class='ocrx_word' id='word_1_287' title='bbox 786 3826 817 3879; x_wconf 88' lang='lat' dir='ltr'><em>in</em></span> <span class='ocrx_word' id='word_1_288' title='bbox 840 3827 928 3881; x_wconf 85' lang='lat' dir='ltr'><em>codem</em></span> <span class='ocrx_word' id='word_1_289' title='bbox 947 3827 1001 3880; x_wconf 82' lang='lat' dir='ltr'><em>loeo</em></span> <span class='ocrx_word' id='word_1_290' title='bbox 1021 3825 1107 3894; x_wconf 87' lang='lat' dir='ltr'><em>(apud</em></span> <span class='ocrx_word' id='word_1_291' title='bbox 1135 3843 1211 3878; x_wconf 87' lang='lat' dir='ltr'><em>aram</em></span> <span class='ocrx_word' id='word_1_292' title='bbox 1229 3825 1388 3894; x_wconf 81' lang='lat' dir='ltr'><em>Maximam)</em></span> 
     </span>
     <span class='ocr_line' id='line_1_34' title="bbox 206 3911 1389 3984; baseline -0.004 -16"><span class='ocrx_word' id='word_1_293' title='bbox 206 3918 241 3968; x_wconf 87' lang='lat' dir='ltr'><em>nt&#39;</em></span> <span class='ocrx_word' id='word_1_294' title='bbox 255 3932 345 3968; x_wconf 86' lang='lat' dir='ltr'><em>omnes</em></span> <span class='ocrx_word' id='word_1_295' title='bbox 362 3919 456 3983; x_wconf 79' lang='lat' dir='ltr'><em>operto</em></span> <span class='ocrx_word' id='word_1_296' title='bbox 474 3914 561 3981; x_wconf 81' lang='lat' dir='ltr'><em>eapite</em></span> <span class='ocrx_word' id='word_1_297' title='bbox 578 3931 657 3967; x_wconf 80' lang='lat' dir='ltr'><em>saera</em></span> <span class='ocrx_word' id='word_1_298' title='bbox 670 3914 791 3984; x_wconf 77' lang='lat' dir='ltr'><em>sociant.</em></span> <span class='ocrx_word' id='word_1_299' title='bbox 820 3913 879 3967; x_wconf 83' lang='lat' dir='ltr'><em>Hoc</em></span> <span class='ocrx_word' id='word_1_300' title='bbox 891 3914 930 3981; x_wconf 87' lang='lat' dir='ltr'><em>Jit</em></span> <span class='ocrx_word' id='word_1_301' title='bbox 946 3930 980 3966; x_wconf 89' lang='lat' dir='ltr'><em>ne</em></span> <span class='ocrx_word' id='word_1_302' title='bbox 998 3912 1058 3980; x_wconf 84' lang='lat' dir='ltr'><em>qais</em></span> <span class='ocrx_word' id='word_1_303' title='bbox 1076 3912 1106 3964; x_wconf 90' lang='lat' dir='ltr'><em>in</em></span> <span class='ocrx_word' id='word_1_304' title='bbox 1124 3911 1188 3964; x_wconf 86' lang='lat' dir='ltr'><em>aede</em></span> <span class='ocrx_word' id='word_1_305' title='bbox 1207 3911 1250 3964; x_wconf 91' lang='lat' dir='ltr'><em>dci</em></span> <span class='ocrx_word' id='word_1_306' title='bbox 1267 3911 1389 3964; x_wconf 82' lang='lat' dir='ltr'><em>habitam</em></span> 
     </span>
     <span class='ocr_line' id='line_1_35' title="bbox 207 3996 1389 4070; baseline -0.005 -16"><span class='ocrx_word' id='word_1_307' title='bbox 207 4002 264 4054; x_wconf 84' lang='lat' dir='ltr'><em>eins</em></span> <span class='ocrx_word' id='word_1_308' title='bbox 281 4001 414 4066; x_wconf 77' lang='lat' dir='ltr'><em>indictae,</em></span> <span class='ocrx_word' id='word_1_309' title='bbox 433 4018 498 4054; x_wconf 85' lang='lat' dir='ltr'><em>nene</em></span> <span class='ocrx_word' id='word_1_310' title='bbox 517 4001 572 4070; x_wconf 83' lang='lat' dir='ltr'><em>ipse</em></span> <span class='ocrx_word' id='word_1_311' title='bbox 591 4001 746 4069; x_wconf 79' lang='lat' dir='ltr'><em>(Hercules)</em></span> <span class='ocrx_word' id='word_1_312' title='bbox 765 4000 802 4053; x_wconf 88' lang='lat' dir='ltr'><em>ibi</em></span> <span class='ocrx_word' id='word_1_313' title='bbox 820 4002 910 4068; x_wconf 81' lang='lat' dir='ltr'><em>operto</em></span> <span class='ocrx_word' id='word_1_314' title='bbox 922 4002 962 4052; x_wconf 86' lang='lat' dir='ltr'><em>est</em></span> <span class='ocrx_word' id='word_1_315' title='bbox 973 3998 1067 4066; x_wconf 74' lang='lat' dir='ltr'><em>eapite.</em></span> <span class='ocrx_word' id='word_1_316' title='bbox 1101 3997 1187 4052; x_wconf 80' lang='lat' dir='ltr'><em>Varro</em></span> <span class='ocrx_word' id='word_1_317' title='bbox 1201 3996 1242 4049; x_wconf 84' lang='lat' dir='ltr'><em>ait</em></span> <span class='ocrx_word' id='word_1_318' title='bbox 1255 3997 1389 4050; x_wconf 81' lang='lat' dir='ltr'><em>Grncennc</em></span> 
     </span>
     <span class='ocr_line' id='line_1_36' title="bbox 206 4081 1388 4156; baseline -0.007 -15"><span class='ocrx_word' id='word_1_319' title='bbox 206 4089 277 4141; x_wconf 77' lang='lat' dir='ltr'><em>breem</em></span> <span class='ocrx_word' id='word_1_320' title='bbox 304 4105 357 4141; x_wconf 86' lang='lat' dir='ltr'><em>esse</em></span> <span class='ocrx_word' id='word_1_321' title='bbox 385 4104 485 4141; x_wconf 83' lang='lat' dir='ltr'><em>neorcne</em></span> <span class='ocrx_word' id='word_1_322' title='bbox 514 4088 581 4156; x_wconf 82' lang='lat' dir='ltr'><em>(scil.</em></span> <span class='ocrx_word' id='word_1_323' title='bbox 601 4088 674 4156; x_wconf 86' lang='lat' dir='ltr'><em>apud</em></span> <span class='ocrx_word' id='word_1_324' title='bbox 697 4105 772 4139; x_wconf 86' lang='lat' dir='ltr'><em>aram</em></span> <span class='ocrx_word' id='word_1_325' title='bbox 796 4086 945 4139; x_wconf 87' lang='lat' dir='ltr'><em>Maximam</em></span> <span class='ocrx_word' id='word_1_326' title='bbox 968 4089 1063 4153; x_wconf 90' lang='lat' dir='ltr'><em>aperto</em></span> <span class='ocrx_word' id='word_1_327' title='bbox 1086 4084 1174 4152; x_wconf 88' lang='lat' dir='ltr'><em>capite</em></span> <span class='ocrx_word' id='word_1_328' title='bbox 1198 4081 1388 4150; x_wconf 83' lang='lat' dir='ltr'><em>sacrificandi),</em></span> 
     </span>
     <span class='ocr_line' id='line_1_37' title="bbox 206 4167 1389 4243; baseline -0.005 -17"><span class='ocrx_word' id='word_1_329' title='bbox 206 4175 270 4243; x_wconf 85' lang='lat' dir='ltr'><em>qnia</em></span> <span class='ocrx_word' id='word_1_330' title='bbox 288 4174 343 4228; x_wconf 88' lang='lat' dir='ltr'><em>sive</em></span> <span class='ocrx_word' id='word_1_331' title='bbox 360 4173 416 4242; x_wconf 76' lang='lat' dir='ltr'><em>ipm</em></span> <span class='ocrx_word' id='word_1_332' title='bbox 433 4174 487 4227; x_wconf 87' lang='lat' dir='ltr'><em>sive</em></span> <span class='ocrx_word' id='word_1_333' title='bbox 505 4172 551 4241; x_wconf 85' lang='lat' dir='ltr'><em>qni</em></span> <span class='ocrx_word' id='word_1_334' title='bbox 569 4173 602 4225; x_wconf 89' lang='lat' dir='ltr'><em>ob</em></span> <span class='ocrx_word' id='word_1_335' title='bbox 621 4190 649 4225; x_wconf 88' lang='lat' dir='ltr'><em>eo</em></span> <span class='ocrx_word' id='word_1_336' title='bbox 662 4172 749 4225; x_wconf 83' lang='lat' dir='ltr'><em>relicti</em></span> <span class='ocrx_word' id='word_1_337' title='bbox 762 4190 841 4225; x_wconf 81' lang='lat' dir='ltr'><em>oram</em></span> <span class='ocrx_word' id='word_1_338' title='bbox 855 4171 1012 4224; x_wconf 77' lang='lat' dir='ltr'><em>Morimene</em></span> <span class='ocrx_word' id='word_1_339' title='bbox 1025 4173 1191 4233; x_wconf 68' lang='lat' dir='ltr'><em>staineinnt,</em></span> <span class='ocrx_word' id='word_1_340' title='bbox 1212 4168 1314 4222; x_wconf 80' lang='lat' dir='ltr'><em>Graeco</em></span> <span class='ocrx_word' id='word_1_341' title='bbox 1331 4167 1389 4220; x_wconf 76' lang='lat' dir='ltr'><em>siin</em></span> 
     </span>
     <span class='ocr_line' id='line_1_38' title="bbox 206 4254 1389 4328; baseline -0.005 -16"><span class='ocrx_word' id='word_1_342' title='bbox 206 4259 454 4328; x_wconf 80' lang='lat' dir='ltr'><em>soen&#39;fieovcrnnt.“</em></span> <span class='ocrx_word' id='word_1_343' title='bbox 483 4260 522 4313; x_wconf 82' lang='lat' dir='ltr'><em>ef.</em></span> <span class='ocrx_word' id='word_1_344' title='bbox 542 4260 576 4313; x_wconf 86' lang='lat' dir='ltr'><em>de</em></span> <span class='ocrx_word' id='word_1_345' title='bbox 594 4260 610 4311; x_wconf 96' lang='grc' dir='ltr'><em>Ι.</em></span> <span class='ocrx_word' id='word_1_346' title='bbox 624 4259 653 4311; x_wconf 86' lang='lat' dir='ltr'><em>L.</em></span> <span class='ocrx_word' id='word_1_347' title='bbox 667 4260 699 4326; x_wconf 87' lang='lat' dir='ltr'><em>V,</em></span> <span class='ocrx_word' id='word_1_348' title='bbox 719 4260 775 4311; x_wconf 86' lang='lat'>130.</span> <span class='ocrx_word' id='word_1_349' title='bbox 807 4258 979 4323; x_wconf 86' lang='lat' dir='ltr'><em>„Romano</em></span> <span class='ocrx_word' id='word_1_350' title='bbox 996 4257 1067 4309; x_wconf 81' lang='lat' dir='ltr'><em>ritu</em></span> <span class='ocrx_word' id='word_1_351' title='bbox 1084 4255 1251 4324; x_wconf 80' lang='lat' dir='ltr'><em>sacrificiunt</em></span> <span class='ocrx_word' id='word_1_352' title='bbox 1263 4254 1389 4324; x_wconf 84' lang='lat' dir='ltr'><em>feminae</em></span> 
     </span>
    </p>
   </div>
   <div class='ocr_carea' id='block_1_9' title="bbox 207 4345 688 4416">
    <p class='ocr_par' dir='ltr' id='par_1_11' title="bbox 207 4345 688 4416">
     <span class='ocr_line' id='line_1_39' title="bbox 207 4345 688 4416; baseline -0.002 -17"><span class='ocrx_word' id='word_1_353' title='bbox 207 4363 267 4400; x_wconf 80' lang='lat' dir='ltr'><em>ceant</em></span> <span class='ocrx_word' id='word_1_354' title='bbox 279 4345 401 4416; x_wconf 72' lang='lat' dir='ltr'><em>sarcinat,</em></span> <span class='ocrx_word' id='word_1_355' title='bbox 420 4345 532 4413; x_wconf 82' lang='lat' dir='ltr'><em>capito</em></span> <span class='ocrx_word' id='word_1_356' title='bbox 549 4346 688 4399; x_wconf 78' lang='lat' dir='ltr'><em>eclani.“</em></span> 
     </span>
    </p>
   </div>
   <div class='ocr_carea' id='block_1_10' title="bbox 0 0 1612 4942">
    <p class='ocr_par' dir='ltr' id='par_1_12' title="bbox 0 0 1612 4942">
     <span class='ocr_line' id='line_1_40' title="bbox 0 0 1612 4942; baseline 0 0"><span class='ocrx_word' id='word_1_357' title='bbox 0 0 1612 4942; x_wconf 95' lang='lat' dir='ltr'><em> </em></span> 
     </span>
    </p>
   </div>
  </div>
 </body>
</html>
