3214 4942
666 365 875 426 ..53-

183 555 293 616 tunum
316 569 389 616 esse
414 551 576 632 Cousuml,
608 549 757 616 adicitur.
803 551 870 628 eru
895 571 912 617 e
935 571 1105 636 consensu,
1136 573 1207 619 cum
1231 551 1359 618 Plutar-

180 662 276 728 chum
297 660 331 727 in
354 663 405 728 his
428 663 525 728 rebus
550 661 740 744 saepissime
757 673 826 744 (per
842 661 964 741 Iubam)
980 663 1155 729 Varronem
1179 665 1270 746 sequi
1286 683 1359 730 con-

181 777 260 855 stet,
293 771 327 838 in
351 771 543 839 Tertulliani
566 778 676 840 autem
699 771 808 855 capite
837 773 970 840 laudato
1004 773 1076 856 ipse
1101 775 1200 842 l'arro
1230 773 1358 858 citetur,

179 887 350 966 utramque
371 883 572 950 notationem
595 885 636 950 ab
660 903 697 950 eo
720 884 922 966 propositam
946 904 1020 951 esse
1036 885 1226 951 concludere
1242 885 1358 966 licet.¹)

268 996 346 1062 Cum
357 995 409 1061 his
425 999 534 1062 autem
543 995 709 1062 Plutarchi
726 997 809 1071 (unul
826 996 904 1061 ὅλως
916 1031 956 1040 —-
968 993 1211 1078 xerpopps'roril
1224 1017 1358 1079 prorsus

179 1105 355 1172 concinunt
371 1107 541 1174 Seruiana:
570 1113 622 1172 »ut
636 1109 818 1173 ostendatur
833 1113 943 1173 tecturu
958 1129 1022 1174 csse
1037 1110 1144 1174 deduc
1159 1109 1355 1174 connitum«

180 1216 272 1295 Quod
295 1236 365 1282 cum
387 1217 435 1282 ita
458 1217 510 1300 sit,
535 1215 640 1284 Servii
663 1238 789 1299 quoque
812 1218 917 1284 locum
940 1236 958 1282 e
977 1217 1122 1284 Varrone
1146 1219 1285 1301 pendere
1309 1221 1357 1287 ri·

180 1328 276 1393 detur
299 1329 519 1395 statuendum.

268 1439 380 1505 Mense
403 1439 521 1506 Martio
539 1440 713 1506 Consualia
736 1441 894 1506 celebrari
917 1459 987 1505 cum
1015 1441 1147 1508 Servius
1171 1441 1263 1524 dicit,
1287 1461 1360 1508 con-

181 1549 392 1640 funditurhic
408 1550 524 1634 festus,
547 1572 608 1633 qno
625 1556 740 1634 raptae
765 1557 841 1617 sunt
856 1550 1013 1633 virgines,
1038 1571 1108 1618 cum
1127 1552 1361 1619 Matronalibus

181 1661 300 1728 Martio
333 1681 444 1728 mense
467 1661 563 1746 actis,
592 1682 674 1744 quae
704 1661 858 1729 instituta
887 1667 963 1728 suant
986 1662 1111 1729 sedatis
1135 1663 1268 1742 hellis.²)
1313 1665 1359 1731 Cf.

181 1772 265 1840 Plnt.
282 1773 371 1839 Rom.
389 1777 426 1838 21
445 1773 614 1855 ipsumque
638 1773 784 1841 Servium
801 1773 884 1856 Vlll,
902 1775 973 1839 638.

271 1941 544 2012 1>11111111.ΙΙ,31,
570 1944 686 2012 3paulo
713 1943 817 1996 recedit
843 1961 860 1995 a
887 1943 996 2006 ceteris;
1025 1943 1093 1996 dicit
1119 1945 1192 1997 enim
1216 1945 1360 1998 Consualia

182 2029 292 2097 quidem
310 2030 339 2082 in
357 2029 479 2098 Neptuni
502 2029 634 2082 honorem
657 2029 785 2082 instituta
803 2047 861 2082 esse
880 2047 896 2081 a
913 2026 1043 2093 Romula,
1071 2047 1146 2082 aram
1174 2035 1266 2083 autern
1284 2031 1360 2084 illam

184 2117 388 2168 subterraneam
406 2120 501 2184 postea
519 2115 716 2181 dicatamesse
737 2117 863 2186 »δαίμονι
887 2112 992 2186 ἀρ’ῥήτῳ
1010 2119 1073 2182 τινὶ,
1096 2115 1289 2188 βουλευμάτων
1307 2137 1365 2191 κρυ-

189 2209 254 2270 piar
273 2198 413 2272 ἤγεμόνικ

251 2289 276 2355 ²)
295 2287 384 2339 Aliter
402 2287 534 2354 Georgius
551 2287 686 2340 Wissowa
702 2286 848 2340 iudicavit:
869 2287 915 2354 qui
934 2286 1021 2340 Servii
1039 2286 1228 2340 testimonium
1247 2288 1280 2342 de
1299 2293 1365 2342 tem-

184 2391 245 2442 pore
260 2373 436 2426 Consualium
454 2391 510 2425 non
528 2373 702 2426 abiciendum
721 2391 779 2426 esse
799 2373 912 2425 censuit.
933 2373 1079 2441 (Roschers
1092 2372 1156 2425 Lex.
1171 2392 1190 2426 s.
1201 2393 1225 2426 v.
1239 2375 1362 2444 Consus.)

185 2459 285 2512 »Eiuer
297 2458 447 2512 Nuchriclrt
465 2459 502 2526 (S.
522 2459 605 2522 VIII,
624 2460 688 2526 636)
707 2459 812 2527 rusolpc
824 2458 933 2527 sunder
946 2458 1012 2526 jere
1033 2458 1203 2524 Consualium,
1222 2475 1258 2512 an
1277 2460 1363 2512 dener

182 2545 223 2598 die
248 2545 448 2599 Sabiueriuuen
469 2545 585 2613 parandi
604 2544 729 2607 wardan,
756 2543 794 2596 inu
816 2543 899 2596 Mara
921 2546 991 2596 stutt
1023 2543 1080 2596 und
1107 2543 1178 2597 darn
1205 2544 1296 2597 arurae
1319 2545 1362 2598 die

180 2649 250 2700 pune
276 2630 433 2684 rer-einreltc
465 2623 670 2699 Uhcrliefernup
704 2629 830 2698 (Tertull.
858 2629 889 2681 de
920 2633 998 2696 spect.
1024 2631 1052 2697 5)
1081 2628 1220 2694 stireman,
1254 2631 1362 2684 wouuclr

182 2717 315 2771 Eonrulus
337 2716 380 2769 die
403 2715 565 2784 ehematipen
587 2715 748 2769 Consualien
770 2715 800 2766 in
818 2714 965 2782 Eqrrr'rrr'a,
993 2713 1079 2782 Spiele
1106 2714 1151 2767 des
1169 2715 1250 2768 Mars
1276 2733 1362 2786 1111191-

181 2803 299 2856 wanrlett
316 2802 412 2856 hatten<
451 2801 503 2854 Sed
521 2801 617 2854 dubito
636 2818 671 2853 an
689 2801 732 2852 vir
750 2800 923 2853 doctissimus
942 2817 997 2852 non
1015 2804 1089 2853 recte
1111 2801 1307 2870 interpretatus
1327 2803 1362 2855 sit

181 2889 343 2942 Tertulliani
361 2889 452 2940 verba.
490 2887 603 2956 Semper
620 2887 694 2940 enim
714 2887 744 2939 in
762 2904 794 2940 eo
817 2887 907 2955 capite
924 2904 991 2940 voce
1016 2885 1138 2939 »dehinc«
1163 2891 1243 2956 pater
1265 2888 1362 2957 utitur,

182 2993 244 3028 cum
261 2974 361 3029 transit
380 2973 414 3026 ad
432 2973 516 3025 alium
534 2973 642 3026 festum.

269 3059 378 3113 »dehinc
401 3057 520 3111 Ecurria
544 3089 780 3098 -----
804 3057 897 3111 dehinc
919 3057 990 3110 idem
1009 3057 1142 3112 Romulus
1161 3057 1220 3112 Iorrr'
1238 3059 1362 3113 Feretrio

182 3147 258 3201 ludos
280 3144 410 3200 instituit.
437 3175 471 3182 -
493 3175 527 3182 —
551 3176 583 3182 —
601 3148 665 3212 post
691 3145 761 3198 huuc
782 3143 877 3198 Numa
900 3143 1050 3212 Pompilius
1073 3144 1164 3197 Marti
1186 3147 1212 3198 et
1235 3144 1362 3214 Rohipr'ur'

176 3233 254 3302 fecit.
273 3265 306 3272 -
325 3232 419 3285 dehinc
441 3231 535 3284 Tullus
553 3230 697 3296 Hostilius,
716 3230 811 3283 dehinc
828 3221 921 3282 Aucus
938 3225 1062 3283 Martius
1080 3233 1108 3283 et
1123 3230 1226 3284 ceteri«
1257 3230 1362 3296 Quare

181 3320 232 3373 hoc
252 3335 359 3386 quoque
377 3319 438 3371 loco
456 3318 604 3371 transitum
622 3317 656 3369 ad
675 3317 759 3369 alium
777 3315 878 3368 festum
896 3314 956 3368 fieri
974 3334 1006 3368 ca
1017 3317 1115 3369 vocula
1129 3316 1188 3368 veri
1206 3316 1294 3370 simile
1312 3320 1360 3370 est.

182 3404 260 3470 Quod
282 3403 442 3473 Neptunum
468 3403 571 3456 initio
598 3403 746 3455 honorasse
768 3402 847 3454 illum
870 3401 964 3453 ludum
987 3401 1172 3455 Tertullianus
1195 3401 1274 3470 dicit,
1297 3403 1361 3455 huic

181 3491 232 3544 deo
255 3508 311 3542 non
333 3489 463 3554 Martem,
488 3489 535 3542 sed
559 3489 678 3542 Consum
697 3489 724 3556 (i.
744 3506 766 3540 e.
790 3487 871 3540 deum
899 3505 915 3539 a
936 3486 1065 3556 Neptuno
1087 3487 1235 3556 diversum)
1259 3489 1361 3562 opponi

181 3581 256 3646 puto.
292 3575 387 3643 Neque
411 3576 494 3628 aliurn
516 3575 612 3627 ludum
635 3573 783 3642 significari
801 3572 923 3626 Ecurriis
947 3590 979 3626 eo
1000 3573 1181 3641 redarguitur,
1204 3574 1277 3641 quod
1299 3579 1361 3644 post

180 3664 266 3716 verba
290 3661 399 3714 »11111111
421 3660 542 3714 Ecurria
566 3691 597 3699 -
622 3660 707 3712 dixit«
732 3659 917 3712 Tertullianus
943 3658 1033 3711 denuo
1056 3658 1128 3712 redit
1150 3659 1185 3711 ad
1209 3660 1360 3715 Consualia.

181 3749 257 3802 Haec
275 3748 356 3816 enirn,
374 3747 404 3799 ni
422 3747 509 3813 fallor,
528 3747 585 3799 eius
599 3746 735 3799 sententia
753 3750 806 3798 est:
828 3744 929 3796 »Primi
940 3744 998 3796 ludi
1012 3746 1098 3813 (ante
1110 3745 1269 3814 Romulum)
1282 3751 1361 3799 erant

181 3834 318 3887 Liberalia
336 3837 364 3886 et
383 3832 535 3900 Consualia,
553 3831 682 3900 Neptuno
700 3850 732 3885 ea
751 3831 862 3899 quidem
880 3830 978 3883 dicata.
1010 3829 1109 3882 Postea
1126 3831 1259 3883 Romulus
1278 3831 1361 3884 Marti

182 3920 298 3973 Ecurria
316 3918 425 3971 dicavit.
462 3918 518 3970 Alii
536 3922 628 3970 autem
648 3918 793 3971 Consualia
811 3933 918 3984 quoque
937 3933 953 3967 a
970 3915 1088 3968 Romulo
1106 3916 1216 3970 demum
1235 3917 1362 3969 instituta

183 4005 298 4060 credunt
316 4023 366 4058 nec
384 4023 449 4058 vero
467 4004 608 4074 Neptuno,
628 4004 676 4056 sed
695 4004 783 4056 Conso
804 4002 879 4066 udae,
902 4003 935 4054 ut
950 4001 1056 4065 nolunt,
1080 4001 1196 4066 conatii,
1219 4001 1361 4068 111181111-

182 4108 281 4146 uorurr
299 4091 428 4159 rapinum
446 4089 628 4158 canopitaor'tu
667 4089 736 4143 Sane
754 4089 840 4143 verba
860 4087 996 4140 »Ecurria
1014 4086 1105 4140 Marti
1123 4086 1255 4140 Romulus
1273 4085 1358 4139 diruit«

182 4178 233 4230 hac
252 4177 387 4230 sententia
404 4176 487 4245 paulo
506 4175 666 4228 insolentius
690 4174 764 4228 dicta
788 4191 846 4227 ease
865 4173 996 4239 concedo,
1016 4172 1063 4224 sed
1081 4191 1148 4224 num
1165 4172 1360 4224 multominus

183 4265 332 4316 insolenter
349 4263 454 4316 dictum
471 4263 592 4328 videtur,
616 4260 638 4312 si
656 4259 857 4312 Tertullianum
875 4259 908 4311 iis
926 4258 1017 4311 verbis
1039 4258 1199 4311 »Consualia
1217 4258 1245 4309 in
1264 4257 1360 4310 Martis

183 4349 314 4403 honorem
327 4349 444 4402 Ecurria
462 4346 625 4418 appellavit«
646 4345 799 4415 significare
817 4345 934 4399 voluisse
953 4362 1015 4397 curn
1028 4344 1163 4398 Wissowa
1181 4344 1343 4396 statuimus?
