<?xml version="1.0" encoding="UTF-8"?>
<!DOCTYPE html PUBLIC "-//W3C//DTD XHTML 1.0 Transitional//EN"
    "http://www.w3.org/TR/xhtml1/DTD/xhtml1-transitional.dtd">
<html xmlns="http://www.w3.org/1999/xhtml" xml:lang="en" lang="en">
 <head>
  <title>
</title>
<meta http-equiv="Content-Type" content="text/html;charset=utf-8" />
  <meta name='ocr-system' content='tesseract 3.04.00' />
  <meta name='ocr-capabilities' content='ocr_page ocr_carea ocr_par ocr_line ocrx_word'/>
</head>
<body>
  <div class='ocr_page' id='page_1' title='image "./questionesvarro00samtgoog_0068.png"; bbox 0 0 3214 4942; ppageno 0'>
   <div class='ocr_carea' id='block_1_1' title="bbox 653 353 860 414">
    <p class='ocr_par' dir='ltr' id='par_1_1' title="bbox 653 353 860 414">
     <span class='ocr_line' id='line_1_1' title="bbox 653 353 860 414; baseline -0.005 -19"><span class='ocrx_word' id='word_1_1' title='bbox 653 353 860 414; x_wconf 76' lang='grc'><strong>..56-</strong></span> 
     </span>
    </p>
   </div>
   <div class='ocr_carea' id='block_1_2' title="bbox 162 539 1351 2843">
    <p class='ocr_par' dir='ltr' id='par_1_2' title="bbox 165 539 1351 1626">
     <span class='ocr_line' id='line_1_2' title="bbox 169 539 1351 622; baseline -0.003 -16"><span class='ocrx_word' id='word_1_2' title='bbox 169 541 541 622; x_wconf 59' lang='grc'><strong>1116166616116111611166</strong></span> <span class='ocrx_word' id='word_1_3' title='bbox 569 541 668 605; x_wconf 74' lang='lat' dir='ltr'><strong>cuum</strong></span> <span class='ocrx_word' id='word_1_4' title='bbox 695 547 738 605; x_wconf 86' lang='lat'><strong>30</strong></span> <span class='ocrx_word' id='word_1_5' title='bbox 761 539 956 605; x_wconf 83' lang='lat' dir='ltr'><strong>auserlcseoe</strong></span> <span class='ocrx_word' id='word_1_6' title='bbox 978 540 1110 604; x_wconf 75' lang='lat' dir='ltr'><strong>Froben</strong></span> <span class='ocrx_word' id='word_1_7' title='bbox 1138 540 1206 604; x_wconf 82' lang='grc'><strong>11611</strong></span> <span class='ocrx_word' id='word_1_8' title='bbox 1228 539 1351 602; x_wconf 78' lang='lat' dir='ltr'><strong>Miiltor</strong></span> 
     </span>
     <span class='ocr_line' id='line_1_3' title="bbox 170 650 1350 734; baseline -0.004 -16"><span class='ocrx_word' id='word_1_9' title='bbox 170 652 277 733; x_wconf 76' lang='lat' dir='ltr'><strong>(riom</strong></span> <span class='ocrx_word' id='word_1_10' title='bbox 291 653 413 718; x_wconf 78' lang='lat' dir='ltr'><strong>enixis«</strong></span> <span class='ocrx_word' id='word_1_11' title='bbox 445 653 531 718; x_wconf 82' lang='lat' dir='ltr'><strong>Serv.</strong></span> <span class='ocrx_word' id='word_1_12' title='bbox 539 674 551 732; x_wconf 86' lang='lat'><em>;</em></span> <span class='ocrx_word' id='word_1_13' title='bbox 565 651 626 734; x_wconf 78' lang='lat' dir='ltr'><strong>opi.</strong></span> <span class='ocrx_word' id='word_1_14' title='bbox 643 650 779 733; x_wconf 74' lang='lat' dir='ltr'><strong>Dionys.</strong></span> <span class='ocrx_word' id='word_1_15' title='bbox 792 653 823 733; x_wconf 72' lang='lat'><strong>2,</strong></span> <span class='ocrx_word' id='word_1_16' title='bbox 839 650 897 732; x_wconf 75' lang='lat'><strong>45)</strong></span> <span class='ocrx_word' id='word_1_17' title='bbox 919 651 1089 732; x_wconf 82' lang='lat' dir='ltr'><strong>pesobebeu</strong></span> <span class='ocrx_word' id='word_1_18' title='bbox 1112 650 1234 716; x_wconf 77' lang='lat' dir='ltr'><strong>diessen.</strong></span> <span class='ocrx_word' id='word_1_19' title='bbox 1250 685 1293 692; x_wconf 90' lang='lat'><em>-</em></span> <span class='ocrx_word' id='word_1_20' title='bbox 1309 684 1350 692; x_wconf 95' lang='lat'>-</span> 
     </span>
     <span class='ocr_line' id='line_1_4' title="bbox 167 760 1350 845; baseline -0.003 -16"><span class='ocrx_word' id='word_1_21' title='bbox 167 800 212 808; x_wconf 93' lang='lat'>—</span> <span class='ocrx_word' id='word_1_22' title='bbox 223 765 296 829; x_wconf 85' lang='lat' dir='ltr'><strong>Das</strong></span> <span class='ocrx_word' id='word_1_23' title='bbox 307 765 512 830; x_wconf 80' lang='lat' dir='ltr'><strong>Foredameut</strong></span> <span class='ocrx_word' id='word_1_24' title='bbox 526 763 627 828; x_wconf 78' lang='lat' dir='ltr'><em>dieser</em></span> <span class='ocrx_word' id='word_1_25' title='bbox 638 762 870 845; x_wconf 77' lang='lat' dir='ltr'><strong>Ausetruapea,</strong></span> <span class='ocrx_word' id='word_1_26' title='bbox 887 763 938 828; x_wconf 80' lang='lat' dir='ltr'><strong>die</strong></span> <span class='ocrx_word' id='word_1_27' title='bbox 951 763 1149 845; x_wconf 77' lang='lat' dir='ltr'><strong>Benenuuup</strong></span> <span class='ocrx_word' id='word_1_28' title='bbox 1162 764 1217 827; x_wconf 84' lang='lat' dir='ltr'><strong>der</strong></span> <span class='ocrx_word' id='word_1_29' title='bbox 1232 760 1350 827; x_wconf 78' lang='lat' dir='ltr'><strong>Oarion</strong></span> 
     </span>
     <span class='ocr_line' id='line_1_5' title="bbox 169 873 1349 956; baseline -0.003 -16"><span class='ocrx_word' id='word_1_30' title='bbox 169 877 255 942; x_wconf 79' lang='lat' dir='ltr'><strong>uach</strong></span> <span class='ocrx_word' id='word_1_31' title='bbox 282 877 342 941; x_wconf 83' lang='lat' dir='ltr'><strong>deo</strong></span> <span class='ocrx_word' id='word_1_32' title='bbox 364 877 630 956; x_wconf 80' lang='lat' dir='ltr'><strong>Fraeeooamen,</strong></span> <span class='ocrx_word' id='word_1_33' title='bbox 659 873 777 939; x_wconf 80' lang='lat' dir='ltr'><strong>bestritt</strong></span> <span class='ocrx_word' id='word_1_34' title='bbox 802 874 915 956; x_wconf 84' lang='lat' dir='ltr'><strong>Verre,</strong></span> <span class='ocrx_word' id='word_1_35' title='bbox 939 873 1032 939; x_wconf 80' lang='lat' dir='ltr'><strong>liess</strong></span> <span class='ocrx_word' id='word_1_36' title='bbox 1055 875 1145 939; x_wconf 85' lang='lat' dir='ltr'><strong>aber</strong></span> <span class='ocrx_word' id='word_1_37' title='bbox 1173 873 1349 956; x_wconf 78' lang='lat' dir='ltr'><strong>eupieieb</strong></span> 
     </span>
     <span class='ocr_line' id='line_1_6' title="bbox 168 983 1351 1069; baseline -0.003 -17"><span class='ocrx_word' id='word_1_38' title='bbox 168 987 230 1052; x_wconf 80' lang='lat' dir='ltr'><strong>die</strong></span> <span class='ocrx_word' id='word_1_39' title='bbox 245 986 347 1052; x_wconf 80' lang='lat' dir='ltr'><strong>Zabi</strong></span> <span class='ocrx_word' id='word_1_40' title='bbox 369 987 680 1053; x_wconf 69' lang='grc'><strong>11661161166527</strong></span> <span class='ocrx_word' id='word_1_41' title='bbox 700 985 883 1069; x_wconf 81' lang='lat' dir='ltr'><strong>iusosera</strong></span> <span class='ocrx_word' id='word_1_42' title='bbox 904 985 1048 1068; x_wconf 74' lang='grc'><strong>6611611,</strong></span> <span class='ocrx_word' id='word_1_43' title='bbox 1072 987 1163 1050; x_wconf 83' lang='lat' dir='ltr'><strong>dass</strong></span> <span class='ocrx_word' id='word_1_44' title='bbox 1185 985 1267 1050; x_wconf 82' lang='lat' dir='ltr'><strong>dies</strong></span> <span class='ocrx_word' id='word_1_45' title='bbox 1290 983 1351 1062; x_wconf 80' lang='lat' dir='ltr'><strong>die</strong></span> 
     </span>
     <span class='ocr_line' id='line_1_7' title="bbox 167 1094 1348 1179; baseline -0.004 -15"><span class='ocrx_word' id='word_1_46' title='bbox 167 1101 233 1165; x_wconf 83' lang='lat' dir='ltr'><strong>der</strong></span> <span class='ocrx_word' id='word_1_47' title='bbox 254 1097 788 1165; x_wconf 80' lang='lat' dir='ltr'><strong>Friedeosoermittleriaueo</strong></span> <span class='ocrx_word' id='word_1_48' title='bbox 808 1097 1082 1179; x_wconf 70' lang='lat' dir='ltr'><strong>putresceret«</strong></span> <span class='ocrx_word' id='word_1_49' title='bbox 1133 1094 1243 1177; x_wconf 80' lang='lat' dir='ltr'>Neque</span> <span class='ocrx_word' id='word_1_50' title='bbox 1266 1094 1348 1160; x_wconf 87' lang='lat' dir='ltr'><strong>enim</strong></span> 
     </span>
     <span class='ocr_line' id='line_1_8' title="bbox 167 1205 1349 1292; baseline -0.002 -18"><span class='ocrx_word' id='word_1_51' title='bbox 167 1209 207 1274; x_wconf 91' lang='lat' dir='ltr'><strong>de</strong></span> <span class='ocrx_word' id='word_1_52' title='bbox 232 1209 337 1291; x_wconf 78' lang='lat' dir='ltr'><strong>raptis</strong></span> <span class='ocrx_word' id='word_1_53' title='bbox 353 1209 544 1292; x_wconf 67' lang='lat' dir='ltr'><strong>virginibus</strong></span> <span class='ocrx_word' id='word_1_54' title='bbox 569 1209 626 1274; x_wconf 87' lang='lat' dir='ltr'><strong>sed</strong></span> <span class='ocrx_word' id='word_1_55' title='bbox 649 1209 689 1272; x_wconf 88' lang='lat' dir='ltr'><strong>de</strong></span> <span class='ocrx_word' id='word_1_56' title='bbox 711 1206 762 1288; x_wconf 89' lang='lat' dir='ltr'><strong>iis,</strong></span> <span class='ocrx_word' id='word_1_57' title='bbox 786 1227 868 1288; x_wconf 90' lang='lat' dir='ltr'><strong>quae</strong></span> <span class='ocrx_word' id='word_1_58' title='bbox 885 1207 1011 1290; x_wconf 69' lang='grc' dir='ltr'><em>ἐξῆλθον</em></span> <span class='ocrx_word' id='word_1_59' title='bbox 1035 1207 1082 1268; x_wconf 78' lang='grc' dir='ltr'><strong>ἐπὶ</strong></span> <span class='ocrx_word' id='word_1_60' title='bbox 1105 1207 1273 1290; x_wconf 74' lang='grc' dir='ltr'><em>πρεσβείαν</em></span> <span class='ocrx_word' id='word_1_61' title='bbox 1293 1205 1349 1272; x_wconf 88' lang='grc'><strong>1116</strong></span> 
     </span>
     <span class='ocr_line' id='line_1_9' title="bbox 168 1319 1349 1404; baseline -0.003 -18"><span class='ocrx_word' id='word_1_62' title='bbox 168 1320 318 1404; x_wconf 87' lang='lat' dir='ltr'>Dionysii</span> <span class='ocrx_word' id='word_1_63' title='bbox 353 1321 460 1403; x_wconf 86' lang='lat' dir='ltr'><strong>capite</strong></span> <span class='ocrx_word' id='word_1_64' title='bbox 494 1319 612 1402; x_wconf 88' lang='lat' dir='ltr'><strong>agitur.</strong></span> <span class='ocrx_word' id='word_1_65' title='bbox 659 1319 719 1396; x_wconf 81' lang='lat' dir='ltr'><strong>Qui</strong></span> <span class='ocrx_word' id='word_1_66' title='bbox 754 1323 786 1383; x_wconf 90' lang='lat' dir='ltr'><strong>et</strong></span> <span class='ocrx_word' id='word_1_67' title='bbox 818 1319 852 1384; x_wconf 92' lang='lat' dir='ltr'><strong>in</strong></span> <span class='ocrx_word' id='word_1_68' title='bbox 880 1339 905 1384; x_wconf 92' lang='lat' dir='ltr'><strong>c.</strong></span> <span class='ocrx_word' id='word_1_69' title='bbox 923 1323 963 1383; x_wconf 86' lang='grc'><strong>45</strong></span> <span class='ocrx_word' id='word_1_70' title='bbox 992 1338 1055 1384; x_wconf 87' lang='grc'><strong>666</strong></span> <span class='ocrx_word' id='word_1_71' title='bbox 1088 1337 1198 1384; x_wconf 86' lang='grc'><strong>611166</strong></span> <span class='ocrx_word' id='word_1_72' title='bbox 1222 1355 1263 1363; x_wconf 91' lang='grc'><strong>--</strong></span> <span class='ocrx_word' id='word_1_73' title='bbox 1287 1319 1349 1382; x_wconf 87' lang='grc'><strong>683</strong></span> 
     </span>
     <span class='ocr_line' id='line_1_10' title="bbox 165 1431 1348 1514; baseline -0.001 -18"><span class='ocrx_word' id='word_1_74' title='bbox 165 1437 283 1514; x_wconf 88' lang='lat' dir='ltr'><strong>raptas</strong></span> <span class='ocrx_word' id='word_1_75' title='bbox 311 1451 385 1498; x_wconf 87' lang='lat' dir='ltr'><strong>esse</strong></span> <span class='ocrx_word' id='word_1_76' title='bbox 414 1432 452 1514; x_wconf 89' lang='lat' dir='ltr'><strong>ll,</strong></span> <span class='ocrx_word' id='word_1_77' title='bbox 476 1435 517 1496; x_wconf 88' lang='lat'><strong>30</strong></span> <span class='ocrx_word' id='word_1_78' title='bbox 544 1436 738 1496; x_wconf 79' lang='lat' dir='ltr'><strong>narraverat</strong></span> <span class='ocrx_word' id='word_1_79' title='bbox 767 1465 803 1474; x_wconf 91' lang='lat'><strong>-—</strong></span> <span class='ocrx_word' id='word_1_80' title='bbox 838 1431 894 1496; x_wconf 89' lang='lat' dir='ltr'><strong>sed</strong></span> <span class='ocrx_word' id='word_1_81' title='bbox 917 1435 1045 1511; x_wconf 90' lang='lat' dir='ltr'><strong>partem</strong></span> <span class='ocrx_word' id='word_1_82' title='bbox 1075 1435 1204 1495; x_wconf 85' lang='lat' dir='ltr'><strong>tantum</strong></span> <span class='ocrx_word' id='word_1_83' title='bbox 1238 1449 1348 1495; x_wconf 90' lang='lat' dir='ltr'><strong>earum</strong></span> 
     </span>
     <span class='ocr_line' id='line_1_11' title="bbox 166 1541 705 1626; baseline -0.004 -19"><span class='ocrx_word' id='word_1_84' title='bbox 166 1542 368 1625; x_wconf 82' lang='lat' dir='ltr'><strong>legationem</strong></span> <span class='ocrx_word' id='word_1_85' title='bbox 392 1543 537 1626; x_wconf 83' lang='lat' dir='ltr'><strong>gessisse</strong></span> <span class='ocrx_word' id='word_1_86' title='bbox 560 1541 705 1607; x_wconf 83' lang='lat' dir='ltr'><strong>tradidit.</strong></span> 
     </span>
    </p>

    <p class='ocr_par' dir='ltr' id='par_1_3' title="bbox 162 1650 1350 1960">
     <span class='ocr_line' id='line_1_12' title="bbox 256 1650 1349 1738; baseline 0.002 -27"><span class='ocrx_word' id='word_1_87' title='bbox 256 1654 349 1719; x_wconf 83' lang='lat' dir='ltr'><strong>Dion,</strong></span> <span class='ocrx_word' id='word_1_88' title='bbox 363 1655 400 1738; x_wconf 69' lang='lat' dir='ltr'><strong>II,</strong></span> <span class='ocrx_word' id='word_1_89' title='bbox 418 1658 469 1737; x_wconf 63' lang='lat'><strong>45,</strong></span> <span class='ocrx_word' id='word_1_90' title='bbox 485 1658 515 1718; x_wconf 83' lang='grc'><strong>4.</strong></span> <span class='ocrx_word' id='word_1_91' title='bbox 551 1655 638 1714; x_wconf 75' lang='grc' dir='ltr'><em>»ὅσαι</em></span> <span class='ocrx_word' id='word_1_92' title='bbox 654 1655 706 1712; x_wconf 79' lang='grc' dir='ltr'><strong>τοῦ</strong></span> <span class='ocrx_word' id='word_1_93' title='bbox 724 1654 862 1730; x_wconf 81' lang='grc' dir='ltr'><em>Σαβίνων</em></span> <span class='ocrx_word' id='word_1_94' title='bbox 885 1653 991 1734; x_wconf 73' lang='grc' dir='ltr'><em>γένους</em></span> <span class='ocrx_word' id='word_1_95' title='bbox 1014 1653 1089 1736; x_wconf 75' lang='grc' dir='ltr'><em>ἦσαν</em></span> <span class='ocrx_word' id='word_1_96' title='bbox 1106 1650 1232 1738; x_wconf 72' lang='grc' dir='ltr'><em>ἔχουσαι</em></span> <span class='ocrx_word' id='word_1_97' title='bbox 1249 1654 1349 1725; x_wconf 85' lang='grc' dir='ltr'><em>τέκνα,</em></span> 
     </span>
     <span class='ocr_line' id='line_1_13' title="bbox 165 1762 1350 1847; baseline -0.003 -21"><span class='ocrx_word' id='word_1_98' title='bbox 165 1765 294 1832; x_wconf 77' lang='grc' dir='ltr'><strong><em>ταύταις</em></strong></span> <span class='ocrx_word' id='word_1_99' title='bbox 316 1765 457 1838; x_wconf 77' lang='grc' dir='ltr'><em>ἐξουσίαν</em></span> <span class='ocrx_word' id='word_1_100' title='bbox 486 1765 562 1826; x_wconf 82' lang='grc' dir='ltr'><em>εἶναι</em></span> <span class='ocrx_word' id='word_1_101' title='bbox 583 1762 815 1830; x_wconf 78' lang='grc' dir='ltr'><em>καταλιπούσαις</em></span> <span class='ocrx_word' id='word_1_102' title='bbox 841 1765 878 1824; x_wconf 84' lang='grc' dir='ltr'><strong>τὰ</strong></span> <span class='ocrx_word' id='word_1_103' title='bbox 906 1765 995 1825; x_wconf 87' lang='grc' dir='ltr'><em>τέκνα</em></span> <span class='ocrx_word' id='word_1_104' title='bbox 1022 1766 1104 1847; x_wconf 80' lang='grc' dir='ltr'><em>παρὰ</em></span> <span class='ocrx_word' id='word_1_105' title='bbox 1133 1771 1194 1831; x_wconf 84' lang='grc' dir='ltr'><em>τοῖς</em></span> <span class='ocrx_word' id='word_1_106' title='bbox 1221 1765 1350 1846; x_wconf 78' lang='grc' dir='ltr'><em>ἀνδράσι</em></span> 
     </span>
     <span class='ocr_line' id='line_1_14' title="bbox 162 1876 721 1960; baseline -0.009 -24"><span class='ocrx_word' id='word_1_107' title='bbox 162 1876 350 1960; x_wconf 75' lang='grc' dir='ltr'><em>πρεσβεύειν</em></span> <span class='ocrx_word' id='word_1_108' title='bbox 374 1877 416 1943; x_wconf 83' lang='grc' dir='ltr'><strong>ὡς</strong></span> <span class='ocrx_word' id='word_1_109' title='bbox 439 1877 509 1942; x_wconf 78' lang='grc' dir='ltr'><em>τοὺς</em></span> <span class='ocrx_word' id='word_1_110' title='bbox 531 1878 721 1957; x_wconf 70' lang='grc' dir='ltr'><em>ὁμοεθνεῖςα</em></span> 
     </span>
    </p>

    <p class='ocr_par' dir='ltr' id='par_1_4' title="bbox 167 1987 1350 2514">
     <span class='ocr_line' id='line_1_15' title="bbox 255 1987 1347 2068; baseline -0.004 -15"><span class='ocrx_word' id='word_1_111' title='bbox 255 1988 325 2066; x_wconf 84' lang='lat' dir='ltr'><strong>Qua</strong></span> <span class='ocrx_word' id='word_1_112' title='bbox 347 2007 383 2053; x_wconf 90' lang='grc'><strong>16</strong></span> <span class='ocrx_word' id='word_1_113' title='bbox 405 1989 486 2052; x_wconf 90' lang='lat' dir='ltr'><strong>haec</strong></span> <span class='ocrx_word' id='word_1_114' title='bbox 515 2006 555 2053; x_wconf 87' lang='grc'><strong>61</strong></span> <span class='ocrx_word' id='word_1_115' title='bbox 582 1987 694 2053; x_wconf 87' lang='lat' dir='ltr'><strong>eodem</strong></span> <span class='ocrx_word' id='word_1_116' title='bbox 716 1991 850 2052; x_wconf 87' lang='lat' dir='ltr'><strong>auctore</strong></span> <span class='ocrx_word' id='word_1_117' title='bbox 874 1987 1022 2067; x_wconf 81' lang='lat' dir='ltr'><strong>profecta</strong></span> <span class='ocrx_word' id='word_1_118' title='bbox 1045 2005 1120 2052; x_wconf 90' lang='lat' dir='ltr'><strong>esse</strong></span> <span class='ocrx_word' id='word_1_119' title='bbox 1142 1991 1242 2068; x_wconf 90' lang='lat' dir='ltr'><strong>atque</strong></span> <span class='ocrx_word' id='word_1_120' title='bbox 1264 2006 1291 2051; x_wconf 89' lang='lat' dir='ltr'><strong>e.</strong></span> <span class='ocrx_word' id='word_1_121' title='bbox 1309 1991 1347 2050; x_wconf 86' lang='grc'><strong>41</strong></span> 
     </span>
     <span class='ocr_line' id='line_1_16' title="bbox 167 2096 1348 2182; baseline -0.003 -17"><span class='ocrx_word' id='word_1_122' title='bbox 167 2100 250 2166; x_wconf 85' lang='lat' dir='ltr'><strong>satis</strong></span> <span class='ocrx_word' id='word_1_123' title='bbox 276 2105 379 2182; x_wconf 86' lang='lat' dir='ltr'><strong>patet,</strong></span> <span class='ocrx_word' id='word_1_124' title='bbox 402 2097 597 2181; x_wconf 88' lang='lat' dir='ltr'><strong>praesertim</strong></span> <span class='ocrx_word' id='word_1_125' title='bbox 621 2117 689 2163; x_wconf 90' lang='lat' dir='ltr'><strong>cum</strong></span> <span class='ocrx_word' id='word_1_126' title='bbox 710 2097 885 2181; x_wconf 88' lang='lat' dir='ltr'><strong>Dionysius</strong></span> <span class='ocrx_word' id='word_1_127' title='bbox 909 2097 953 2162; x_wconf 91' lang='lat' dir='ltr'><strong>ibi</strong></span> <span class='ocrx_word' id='word_1_128' title='bbox 977 2096 1096 2180; x_wconf 90' lang='lat' dir='ltr'><strong>optime</strong></span> <span class='ocrx_word' id='word_1_129' title='bbox 1112 2097 1262 2163; x_wconf 78' lang='lat' dir='ltr'><strong>concinat</strong></span> <span class='ocrx_word' id='word_1_130' title='bbox 1278 2117 1348 2163; x_wconf 90' lang='lat' dir='ltr'><strong>oum</strong></span> 
     </span>
     <span class='ocr_line' id='line_1_17' title="bbox 167 2207 1349 2294; baseline -0.002 -18"><span class='ocrx_word' id='word_1_131' title='bbox 167 2210 217 2294; x_wconf 88' lang='lat' dir='ltr'><strong>iis,</strong></span> <span class='ocrx_word' id='word_1_132' title='bbox 255 2230 339 2292; x_wconf 89' lang='grc'><strong>6666</strong></span> <span class='ocrx_word' id='word_1_133' title='bbox 373 2210 526 2276; x_wconf 83' lang='lat' dir='ltr'><strong>eServio</strong></span> <span class='ocrx_word' id='word_1_134' title='bbox 553 2207 690 2275; x_wconf 90' lang='lat' dir='ltr'><strong>Varroni</strong></span> <span class='ocrx_word' id='word_1_135' title='bbox 712 2208 958 2276; x_wconf 80' lang='lat' dir='ltr'><strong>vindicavimus.</strong></span> <span class='ocrx_word' id='word_1_136' title='bbox 1004 2209 1146 2290; x_wconf 85' lang='lat' dir='ltr'><strong>Uterque</strong></span> <span class='ocrx_word' id='word_1_137' title='bbox 1178 2209 1261 2275; x_wconf 89' lang='lat' dir='ltr'><strong>enim</strong></span> <span class='ocrx_word' id='word_1_138' title='bbox 1292 2229 1349 2274; x_wconf 76' lang='lat' dir='ltr'><strong>eas</strong></span> 
     </span>
     <span class='ocr_line' id='line_1_18' title="bbox 167 2320 1350 2403; baseline -0.001 -17"><span class='ocrx_word' id='word_1_139' title='bbox 167 2323 317 2403; x_wconf 71' lang='lat' dir='ltr'><strong>feminas</strong></span> <span class='ocrx_word' id='word_1_140' title='bbox 333 2341 415 2402; x_wconf 86' lang='lat' dir='ltr'><strong>quae</strong></span> <span class='ocrx_word' id='word_1_141' title='bbox 437 2321 502 2386; x_wconf 90' lang='lat' dir='ltr'><strong>iam</strong></span> <span class='ocrx_word' id='word_1_142' title='bbox 518 2320 633 2386; x_wconf 80' lang='lat' dir='ltr'><strong>enixae</strong></span> <span class='ocrx_word' id='word_1_143' title='bbox 648 2325 767 2403; x_wconf 84' lang='lat' dir='ltr'><strong>essent,</strong></span> <span class='ocrx_word' id='word_1_144' title='bbox 784 2339 897 2402; x_wconf 87' lang='lat' dir='ltr'><strong>pacem</strong></span> <span class='ocrx_word' id='word_1_145' title='bbox 912 2322 999 2386; x_wconf 88' lang='grc'><strong>16161</strong></span> <span class='ocrx_word' id='word_1_146' title='bbox 1015 2320 1177 2387; x_wconf 87' lang='lat' dir='ltr'><strong>Romanos</strong></span> <span class='ocrx_word' id='word_1_147' title='bbox 1196 2320 1350 2386; x_wconf 83' lang='lat' dir='ltr'><strong>Sabinos·</strong></span> 
     </span>
     <span class='ocr_line' id='line_1_19' title="bbox 169 2432 592 2514; baseline -0.007 -14"><span class='ocrx_word' id='word_1_148' title='bbox 169 2454 228 2514; x_wconf 92' lang='grc'><strong>6116</strong></span> <span class='ocrx_word' id='word_1_149' title='bbox 254 2433 448 2498; x_wconf 88' lang='lat' dir='ltr'><strong>conciliasse</strong></span> <span class='ocrx_word' id='word_1_150' title='bbox 471 2432 592 2509; x_wconf 82' lang='lat' dir='ltr'><strong>dixit-.¹)</strong></span> 
     </span>
    </p>

    <p class='ocr_par' dir='ltr' id='par_1_5' title="bbox 170 2543 1350 2843">
     <span class='ocr_line' id='line_1_20' title="bbox 260 2543 1350 2625; baseline 0.001 -18"><span class='ocrx_word' id='word_1_151' title='bbox 260 2545 371 2625; x_wconf 88' lang='lat' dir='ltr'><strong>ltaque</strong></span> <span class='ocrx_word' id='word_1_152' title='bbox 400 2546 460 2609; x_wconf 91' lang='lat' dir='ltr'><strong>hoc</strong></span> <span class='ocrx_word' id='word_1_153' title='bbox 489 2564 614 2625; x_wconf 89' lang='lat' dir='ltr'><strong>quoque</strong></span> <span class='ocrx_word' id='word_1_154' title='bbox 641 2544 674 2608; x_wconf 93' lang='lat' dir='ltr'><strong>in</strong></span> <span class='ocrx_word' id='word_1_155' title='bbox 698 2543 815 2625; x_wconf 87' lang='lat' dir='ltr'><strong>capite,</strong></span> <span class='ocrx_word' id='word_1_156' title='bbox 844 2544 935 2609; x_wconf 88' lang='lat' dir='ltr'><strong>cuius</strong></span> <span class='ocrx_word' id='word_1_157' title='bbox 967 2563 1159 2609; x_wconf 89' lang='lat' dir='ltr'><strong>consensum</strong></span> <span class='ocrx_word' id='word_1_158' title='bbox 1182 2562 1253 2609; x_wconf 89' lang='lat' dir='ltr'><strong>oum</strong></span> <span class='ocrx_word' id='word_1_159' title='bbox 1278 2543 1350 2608; x_wconf 91' lang='lat' dir='ltr'><strong>Plu·</strong></span> 
     </span>
     <span class='ocr_line' id='line_1_21' title="bbox 170 2653 1349 2737; baseline -0.001 -18"><span class='ocrx_word' id='word_1_160' title='bbox 170 2658 283 2721; x_wconf 86' lang='lat' dir='ltr'><strong>tarcho</strong></span> <span class='ocrx_word' id='word_1_161' title='bbox 308 2675 407 2737; x_wconf 90' lang='lat' dir='ltr'><strong>supra</strong></span> <span class='ocrx_word' id='word_1_162' title='bbox 431 2658 473 2736; x_wconf 88' lang='lat' dir='ltr'><strong>(p.</strong></span> <span class='ocrx_word' id='word_1_163' title='bbox 492 2657 544 2728; x_wconf 92' lang='grc'><strong>51)</strong></span> <span class='ocrx_word' id='word_1_164' title='bbox 568 2654 821 2736; x_wconf 85' lang='lat' dir='ltr'><strong>observavimus,</strong></span> <span class='ocrx_word' id='word_1_165' title='bbox 852 2653 1008 2720; x_wconf 89' lang='lat' dir='ltr'><strong>Varronis</strong></span> <span class='ocrx_word' id='word_1_166' title='bbox 1033 2654 1209 2736; x_wconf 89' lang='lat' dir='ltr'><strong>vestigium</strong></span> <span class='ocrx_word' id='word_1_167' title='bbox 1237 2655 1349 2735; x_wconf 89' lang='lat' dir='ltr'><strong>depre-</strong></span> 
     </span>
     <span class='ocr_line' id='line_1_22' title="bbox 170 2766 380 2843; baseline 0.01 -13"><span class='ocrx_word' id='word_1_168' title='bbox 170 2766 380 2843; x_wconf 79' lang='lat' dir='ltr'><strong>hendimus.²)</strong></span> 
     </span>
    </p>
   </div>
   <div class='ocr_carea' id='block_1_3' title="bbox 258 2885 1105 2967">
    <p class='ocr_par' dir='ltr' id='par_1_6' title="bbox 258 2885 1105 2967">
     <span class='ocr_line' id='line_1_23' title="bbox 258 2885 1105 2967; baseline -0.002 -16"><span class='ocrx_word' id='word_1_169' title='bbox 258 2885 407 2952; x_wconf 85' lang='lat' dir='ltr'><strong>Breviter</strong></span> <span class='ocrx_word' id='word_1_170' title='bbox 429 2886 577 2963; x_wconf 81' lang='lat' dir='ltr'><strong>referam,</strong></span> <span class='ocrx_word' id='word_1_171' title='bbox 605 2905 687 2967; x_wconf 89' lang='grc'><strong>6666</strong></span> <span class='ocrx_word' id='word_1_172' title='bbox 710 2885 858 2952; x_wconf 84' lang='lat' dir='ltr'><strong>effecisse</strong></span> <span class='ocrx_word' id='word_1_173' title='bbox 881 2885 958 2950; x_wconf 93' lang='lat' dir='ltr'><strong>mihi</strong></span> <span class='ocrx_word' id='word_1_174' title='bbox 981 2885 1105 2952; x_wconf 89' lang='lat' dir='ltr'><strong>videor:</strong></span> 
     </span>
    </p>
   </div>
   <div class='ocr_carea' id='block_1_4' title="bbox 170 3005 1381 3312">
    <p class='ocr_par' dir='ltr' id='par_1_7' title="bbox 170 3005 1381 3312">
     <span class='ocr_line' id='line_1_24' title="bbox 262 3005 1349 3087; baseline 0.002 -18"><span class='ocrx_word' id='word_1_175' title='bbox 262 3011 290 3077; x_wconf 86' lang='lat' dir='ltr'><strong>l)</strong></span> <span class='ocrx_word' id='word_1_176' title='bbox 316 3005 450 3073; x_wconf 91' lang='lat' dir='ltr'><strong>Ovidius</strong></span> <span class='ocrx_word' id='word_1_177' title='bbox 470 3012 528 3071; x_wconf 90' lang='lat' dir='ltr'><strong>aut</strong></span> <span class='ocrx_word' id='word_1_178' title='bbox 545 3006 723 3087; x_wconf 81' lang='lat' dir='ltr'><strong>complures</strong></span> <span class='ocrx_word' id='word_1_179' title='bbox 741 3011 891 3072; x_wconf 80' lang='lat' dir='ltr'><strong>auctores</strong></span> <span class='ocrx_word' id='word_1_180' title='bbox 907 3005 1050 3087; x_wconf 85' lang='lat' dir='ltr'><strong>inspexit</strong></span> <span class='ocrx_word' id='word_1_181' title='bbox 1066 3011 1124 3071; x_wconf 87' lang='lat' dir='ltr'><strong>aut</strong></span> <span class='ocrx_word' id='word_1_182' title='bbox 1140 3025 1211 3071; x_wconf 90' lang='lat' dir='ltr'><strong>eum</strong></span> <span class='ocrx_word' id='word_1_183' title='bbox 1227 3006 1349 3072; x_wconf 84' lang='lat' dir='ltr'><strong>fontem</strong></span> 
     </span>
     <span class='ocr_line' id='line_1_25' title="bbox 170 3115 1381 3199; baseline 0 -19"><span class='ocrx_word' id='word_1_184' title='bbox 170 3116 328 3199; x_wconf 86' lang='lat' dir='ltr'><strong>adhibuit,</strong></span> <span class='ocrx_word' id='word_1_185' title='bbox 352 3137 413 3198; x_wconf 90' lang='lat' dir='ltr'><strong>quo</strong></span> <span class='ocrx_word' id='word_1_186' title='bbox 437 3117 628 3184; x_wconf 88' lang='lat' dir='ltr'><strong>coniunctae</strong></span> <span class='ocrx_word' id='word_1_187' title='bbox 651 3123 746 3182; x_wconf 88' lang='grc'><strong>61661</strong></span> <span class='ocrx_word' id='word_1_188' title='bbox 769 3117 851 3182; x_wconf 90' lang='lat' dir='ltr'><strong>duae</strong></span> <span class='ocrx_word' id='word_1_189' title='bbox 874 3115 961 3182; x_wconf 92' lang='lat' dir='ltr'><strong>illius</strong></span> <span class='ocrx_word' id='word_1_190' title='bbox 978 3115 1108 3182; x_wconf 84' lang='lat' dir='ltr'><strong>fabulae</strong></span> <span class='ocrx_word' id='word_1_191' title='bbox 1123 3118 1246 3182; x_wconf 82' lang='lat' dir='ltr'><strong>formae</strong></span> <span class='ocrx_word' id='word_1_192' title='bbox 1269 3117 1302 3194; x_wconf 83' lang='lat' dir='ltr'><strong>(i.</strong></span> <span class='ocrx_word' id='word_1_193' title='bbox 1320 3137 1346 3182; x_wconf 88' lang='lat' dir='ltr'><strong>e.</strong></span> <span class='ocrx_word' id='word_1_194' title='bbox 1379 3175 1381 3180; x_wconf 79' lang='grc'>,</span> 
     </span>
     <span class='ocr_line' id='line_1_26' title="bbox 170 3227 859 3312; baseline 0.001 -22"><span class='ocrx_word' id='word_1_195' title='bbox 170 3227 337 3294; x_wconf 88' lang='lat' dir='ltr'><strong>Plutarchi</strong></span> <span class='ocrx_word' id='word_1_196' title='bbox 360 3233 394 3293; x_wconf 92' lang='lat' dir='ltr'><strong>et</strong></span> <span class='ocrx_word' id='word_1_197' title='bbox 420 3228 589 3312; x_wconf 89' lang='lat' dir='ltr'><strong>Dionysii).</strong></span> <span class='ocrx_word' id='word_1_198' title='bbox 636 3228 683 3294; x_wconf 20' lang='lat' dir='ltr'><strong>of,</strong></span> <span class='ocrx_word' id='word_1_199' title='bbox 710 3248 739 3311; x_wconf 91' lang='lat' dir='ltr'><strong>p.</strong></span> <span class='ocrx_word' id='word_1_200' title='bbox 757 3233 796 3292; x_wconf 94' lang='grc'><strong>55</strong></span> <span class='ocrx_word' id='word_1_201' title='bbox 811 3248 859 3309; x_wconf 88' lang='grc'><strong>66.</strong></span> 
     </span>
    </p>
   </div>
   <div class='ocr_carea' id='block_1_5' title="bbox 172 3374 376 3383">
    <p class='ocr_par' dir='ltr' id='par_1_8' title="bbox 172 3374 376 3383">
     <span class='ocr_line' id='line_1_27' title="bbox 172 3374 376 3383; baseline -0.005 0"><span class='ocrx_word' id='word_1_202' title='bbox 172 3374 376 3383; x_wconf 66' lang='lat'><em>—-—-.—.—-</em></span> 
     </span>
    </p>
   </div>
   <div class='ocr_carea' id='block_1_6' title="bbox 171 3457 1350 3784">
    <p class='ocr_par' dir='ltr' id='par_1_9' title="bbox 171 3457 1350 3784">
     <span class='ocr_line' id='line_1_28' title="bbox 261 3457 1350 3526; baseline 0.001 -15"><span class='ocrx_word' id='word_1_203' title='bbox 261 3459 283 3526; x_wconf 83' lang='lat'><strong>¹)</strong></span> <span class='ocrx_word' id='word_1_204' title='bbox 302 3458 390 3511; x_wconf 87' lang='lat' dir='ltr'><strong>Varro</strong></span> <span class='ocrx_word' id='word_1_205' title='bbox 408 3457 500 3525; x_wconf 89' lang='lat' dir='ltr'><strong>igitur,</strong></span> <span class='ocrx_word' id='word_1_206' title='bbox 519 3457 570 3511; x_wconf 88' lang='lat' dir='ltr'><strong>etsi</strong></span> <span class='ocrx_word' id='word_1_207' title='bbox 590 3458 754 3510; x_wconf 86' lang='lat' dir='ltr'><strong>senteutiam</strong></span> <span class='ocrx_word' id='word_1_208' title='bbox 773 3458 990 3525; x_wconf 85' lang='grc'><strong>6616161616611,</strong></span> <span class='ocrx_word' id='word_1_209' title='bbox 1009 3459 1055 3525; x_wconf 88' lang='grc'><strong>661</strong></span> <span class='ocrx_word' id='word_1_210' title='bbox 1068 3460 1182 3526; x_wconf 88' lang='lat' dir='ltr'><strong>triginta</strong></span> <span class='ocrx_word' id='word_1_211' title='bbox 1194 3460 1253 3511; x_wconf 90' lang='lat' dir='ltr'><strong>illas</strong></span> <span class='ocrx_word' id='word_1_212' title='bbox 1267 3459 1350 3512; x_wconf 88' lang='lat' dir='ltr'><strong>fuisse</strong></span> 
     </span>
     <span class='ocr_line' id='line_1_29' title="bbox 171 3543 1350 3613; baseline 0.003 -20"><span class='ocrx_word' id='word_1_213' title='bbox 171 3545 335 3596; x_wconf 84' lang='lat' dir='ltr'><strong>rettulerant</strong></span> <span class='ocrx_word' id='word_1_214' title='bbox 348 3543 433 3612; x_wconf 81' lang='lat' dir='ltr'><strong>(Serv.</strong></span> <span class='ocrx_word' id='word_1_215' title='bbox 446 3544 463 3596; x_wconf 91' lang='lat' dir='ltr'><strong>l.</strong></span> <span class='ocrx_word' id='word_1_216' title='bbox 476 3543 514 3610; x_wconf 77' lang='grc'><strong>1,),</strong></span> <span class='ocrx_word' id='word_1_217' title='bbox 533 3544 671 3610; x_wconf 87' lang='lat' dir='ltr'><strong>aliumque</strong></span> <span class='ocrx_word' id='word_1_218' title='bbox 689 3561 834 3596; x_wconf 86' lang='lat' dir='ltr'><strong>numerum</strong></span> <span class='ocrx_word' id='word_1_219' title='bbox 853 3544 911 3612; x_wconf 88' lang='lat' dir='ltr'><strong>ipse</strong></span> <span class='ocrx_word' id='word_1_220' title='bbox 929 3544 1021 3612; x_wconf 89' lang='lat' dir='ltr'><strong>posuit</strong></span> <span class='ocrx_word' id='word_1_221' title='bbox 1034 3545 1123 3612; x_wconf 85' lang='lat' dir='ltr'><strong>(Dion.</strong></span> <span class='ocrx_word' id='word_1_222' title='bbox 1138 3544 1239 3613; x_wconf 77' lang='grc' dir='ltr'><strong>ΙΙ,41),</strong></span> <span class='ocrx_word' id='word_1_223' title='bbox 1258 3550 1350 3598; x_wconf 89' lang='lat' dir='ltr'><strong>tamen</strong></span> 
     </span>
     <span class='ocr_line' id='line_1_30' title="bbox 173 3629 1350 3699; baseline 0.004 -21"><span class='ocrx_word' id='word_1_224' title='bbox 173 3645 293 3697; x_wconf 85' lang='lat' dir='ltr'><strong>oausam,</strong></span> <span class='ocrx_word' id='word_1_225' title='bbox 313 3648 434 3682; x_wconf 87' lang='grc'><strong>661666</strong></span> <span class='ocrx_word' id='word_1_226' title='bbox 453 3647 547 3680; x_wconf 89' lang='lat' dir='ltr'><strong>omues</strong></span> <span class='ocrx_word' id='word_1_227' title='bbox 566 3630 709 3696; x_wconf 79' lang='lat' dir='ltr'><strong>legationis</strong></span> <span class='ocrx_word' id='word_1_228' title='bbox 728 3646 827 3681; x_wconf 90' lang='lat' dir='ltr'><strong>munus</strong></span> <span class='ocrx_word' id='word_1_229' title='bbox 846 3629 1095 3698; x_wconf 86' lang='lat' dir='ltr'><strong>administrassent,</strong></span> <span class='ocrx_word' id='word_1_230' title='bbox 1115 3631 1162 3683; x_wconf 86' lang='lat' dir='ltr'><strong>sed</strong></span> <span class='ocrx_word' id='word_1_231' title='bbox 1181 3649 1228 3683; x_wconf 86' lang='lat' dir='ltr'><strong>eae</strong></span> <span class='ocrx_word' id='word_1_232' title='bbox 1247 3631 1350 3699; x_wconf 85' lang='lat' dir='ltr'><strong>potissi-</strong></span> 
     </span>
     <span class='ocr_line' id='line_1_31' title="bbox 172 3714 1161 3784; baseline 0.007 -21"><span class='ocrx_word' id='word_1_233' title='bbox 172 3729 247 3766; x_wconf 90' lang='lat' dir='ltr'><strong>mum</strong></span> <span class='ocrx_word' id='word_1_234' title='bbox 265 3717 367 3768; x_wconf 86' lang='lat' dir='ltr'><strong>electae</strong></span> <span class='ocrx_word' id='word_1_235' title='bbox 386 3720 484 3782; x_wconf 84' lang='lat' dir='ltr'><strong>essent,</strong></span> <span class='ocrx_word' id='word_1_236' title='bbox 503 3715 619 3767; x_wconf 83' lang='lat' dir='ltr'><strong>eandem</strong></span> <span class='ocrx_word' id='word_1_237' title='bbox 638 3719 720 3781; x_wconf 88' lang='lat' dir='ltr'><strong>atque</strong></span> <span class='ocrx_word' id='word_1_238' title='bbox 739 3714 778 3766; x_wconf 90' lang='lat' dir='ltr'><strong>illi</strong></span> <span class='ocrx_word' id='word_1_239' title='bbox 797 3715 925 3782; x_wconf 83' lang='lat' dir='ltr'><strong>probavit</strong></span> <span class='ocrx_word' id='word_1_240' title='bbox 944 3716 1034 3783; x_wconf 82' lang='lat' dir='ltr'><strong>(Dion.</strong></span> <span class='ocrx_word' id='word_1_241' title='bbox 1054 3717 1090 3783; x_wconf 77' lang='grc' dir='ltr'><strong>ΙΙ,</strong></span> <span class='ocrx_word' id='word_1_242' title='bbox 1108 3717 1161 3784; x_wconf 88' lang='grc'><strong>45).</strong></span> 
     </span>
    </p>
   </div>
   <div class='ocr_carea' id='block_1_7' title="bbox 173 3817 1349 4402">
    <p class='ocr_par' dir='ltr' id='par_1_10' title="bbox 173 3817 1349 4402">
     <span class='ocr_line' id='line_1_32' title="bbox 260 3817 1349 3888; baseline 0.002 -18"><span class='ocrx_word' id='word_1_243' title='bbox 260 3819 284 3887; x_wconf 68' lang='grc'><strong>2)</strong></span> <span class='ocrx_word' id='word_1_244' title='bbox 303 3818 429 3871; x_wconf 90' lang='lat' dir='ltr'><strong>Alterum</strong></span> <span class='ocrx_word' id='word_1_245' title='bbox 450 3835 607 3886; x_wconf 86' lang='lat' dir='ltr'><strong>numerum,</strong></span> <span class='ocrx_word' id='word_1_246' title='bbox 631 3817 678 3884; x_wconf 91' lang='lat' dir='ltr'><strong>qui</strong></span> <span class='ocrx_word' id='word_1_247' title='bbox 700 3817 785 3870; x_wconf 82' lang='lat' dir='ltr'><strong>Iubae</strong></span> <span class='ocrx_word' id='word_1_248' title='bbox 808 3818 940 3870; x_wconf 86' lang='lat' dir='ltr'><strong>tribuitur</strong></span> <span class='ocrx_word' id='word_1_249' title='bbox 962 3837 977 3870; x_wconf 92' lang='lat' dir='ltr'><strong>a</strong></span> <span class='ocrx_word' id='word_1_250' title='bbox 1001 3817 1149 3871; x_wconf 85' lang='lat' dir='ltr'><strong>Plutarcho</strong></span> <span class='ocrx_word' id='word_1_251' title='bbox 1173 3837 1194 3872; x_wconf 90' lang='grc'><strong>6.</strong></span> <span class='ocrx_word' id='word_1_252' title='bbox 1215 3821 1247 3871; x_wconf 86' lang='grc'><strong>14</strong></span> <span class='ocrx_word' id='word_1_253' title='bbox 1269 3822 1349 3888; x_wconf 83' lang='lat'><strong>(683),</strong></span> 
     </span>
     <span class='ocr_line' id='line_1_33' title="bbox 173 3901 1348 3974; baseline 0.006 -23"><span class='ocrx_word' id='word_1_254' title='bbox 173 3916 187 3951; x_wconf 89' lang='lat' dir='ltr'><strong>e</strong></span> <span class='ocrx_word' id='word_1_255' title='bbox 209 3901 339 3971; x_wconf 88' lang='lat' dir='ltr'><strong>Dionysio</strong></span> <span class='ocrx_word' id='word_1_256' title='bbox 361 3905 438 3958; x_wconf 90' lang='lat' dir='ltr'><strong>illum</strong></span> <span class='ocrx_word' id='word_1_257' title='bbox 461 3904 608 3972; x_wconf 86' lang='lat' dir='ltr'><strong>sumpsisse</strong></span> <span class='ocrx_word' id='word_1_258' title='bbox 631 3903 813 3970; x_wconf 84' lang='lat' dir='ltr'><strong>Kiesslingius</strong></span> <span class='ocrx_word' id='word_1_259' title='bbox 841 3905 920 3972; x_wconf 81' lang='lat' dir='ltr'><strong>(mus.</strong></span> <span class='ocrx_word' id='word_1_260' title='bbox 938 3904 1025 3956; x_wconf 87' lang='lat' dir='ltr'><strong>Rhen.</strong></span> <span class='ocrx_word' id='word_1_261' title='bbox 1049 3907 1095 3970; x_wconf 77' lang='lat'><strong>23,</strong></span> <span class='ocrx_word' id='word_1_262' title='bbox 1118 3907 1179 3974; x_wconf 86' lang='grc'><strong>613)</strong></span> <span class='ocrx_word' id='word_1_263' title='bbox 1203 3910 1231 3958; x_wconf 88' lang='grc'><strong>61</strong></span> <span class='ocrx_word' id='word_1_264' title='bbox 1255 3906 1348 3958; x_wconf 90' lang='grc' dir='ltr'><strong>Η6116.</strong></span> 
     </span>
     <span class='ocr_line' id='line_1_34' title="bbox 174 3983 1349 4058; baseline 0.003 -20"><span class='ocrx_word' id='word_1_265' title='bbox 174 3983 269 4040; x_wconf 84' lang='grc' dir='ltr'><strong>Ρ61166</strong></span> <span class='ocrx_word' id='word_1_266' title='bbox 294 3991 398 4058; x_wconf 75' lang='lat' dir='ltr'><strong>(Konig</strong></span> <span class='ocrx_word' id='word_1_267' title='bbox 419 3992 488 4043; x_wconf 90' lang='lat' dir='ltr'><strong>Iuba</strong></span> <span class='ocrx_word' id='word_1_268' title='bbox 514 4009 540 4058; x_wconf 94' lang='lat' dir='ltr'><strong>p.</strong></span> <span class='ocrx_word' id='word_1_269' title='bbox 560 3991 602 4057; x_wconf 84' lang='grc'><strong>10)</strong></span> <span class='ocrx_word' id='word_1_270' title='bbox 626 3993 789 4042; x_wconf 84' lang='lat' dir='ltr'><strong>statuerunt.</strong></span> <span class='ocrx_word' id='word_1_271' title='bbox 826 3988 904 4054; x_wconf 80' lang='lat' dir='ltr'><strong>Quod</strong></span> <span class='ocrx_word' id='word_1_272' title='bbox 932 4008 1004 4041; x_wconf 91' lang='lat' dir='ltr'><strong>nuno</strong></span> <span class='ocrx_word' id='word_1_273' title='bbox 1030 3990 1121 4042; x_wconf 88' lang='lat' dir='ltr'><strong>minus</strong></span> <span class='ocrx_word' id='word_1_274' title='bbox 1148 3996 1253 4044; x_wconf 84' lang='lat' dir='ltr'><strong>certum</strong></span> <span class='ocrx_word' id='word_1_275' title='bbox 1281 3991 1349 4043; x_wconf 91' lang='lat' dir='ltr'><strong>mihi</strong></span> 
     </span>
     <span class='ocr_line' id='line_1_35' title="bbox 174 4071 1349 4145; baseline 0.007 -25"><span class='ocrx_word' id='word_1_276' title='bbox 174 4071 287 4129; x_wconf 85' lang='lat' dir='ltr'><strong>videtur.</strong></span> <span class='ocrx_word' id='word_1_277' title='bbox 314 4076 384 4128; x_wconf 85' lang='lat' dir='ltr'><strong>Nam</strong></span> <span class='ocrx_word' id='word_1_278' title='bbox 403 4082 548 4145; x_wconf 85' lang='lat' dir='ltr'><strong>postquam</strong></span> <span class='ocrx_word' id='word_1_279' title='bbox 567 4075 716 4127; x_wconf 84' lang='lat' dir='ltr'><strong>seeundum</strong></span> <span class='ocrx_word' id='word_1_280' title='bbox 734 4075 885 4127; x_wconf 85' lang='lat' dir='ltr'><strong>Varronem</strong></span> <span class='ocrx_word' id='word_1_281' title='bbox 904 4074 953 4126; x_wconf 78' lang='lat'><strong>527</strong></span> <span class='ocrx_word' id='word_1_282' title='bbox 973 4093 1027 4128; x_wconf 91' lang='lat' dir='ltr'><strong>uon</strong></span> <span class='ocrx_word' id='word_1_283' title='bbox 1046 4082 1185 4144; x_wconf 83' lang='lat' dir='ltr'><strong>raptarum</strong></span> <span class='ocrx_word' id='word_1_284' title='bbox 1205 4094 1349 4129; x_wconf 87' lang='lat' dir='ltr'><strong>numerum</strong></span> 
     </span>
     <span class='ocr_line' id='line_1_36' title="bbox 176 4153 1349 4231; baseline 0.009 -27"><span class='ocrx_word' id='word_1_285' title='bbox 176 4153 256 4212; x_wconf 88' lang='lat' dir='ltr'><strong>fuisso</strong></span> <span class='ocrx_word' id='word_1_286' title='bbox 274 4163 470 4230; x_wconf 82' lang='lat' dir='ltr'><strong>perspeximus,</strong></span> <span class='ocrx_word' id='word_1_287' title='bbox 488 4159 649 4214; x_wconf 88' lang='lat' dir='ltr'><strong>verisimile</strong></span> <span class='ocrx_word' id='word_1_288' title='bbox 668 4161 772 4211; x_wconf 84' lang='grc'><strong>661683</strong></span> <span class='ocrx_word' id='word_1_289' title='bbox 790 4178 848 4212; x_wconf 87' lang='grc'><strong>6666</strong></span> <span class='ocrx_word' id='word_1_290' title='bbox 867 4179 1011 4212; x_wconf 84' lang='grc'><strong>6616611116</strong></span> <span class='ocrx_word' id='word_1_291' title='bbox 1025 4162 1175 4214; x_wconf 87' lang='lat' dir='ltr'><strong>aVarrone</strong></span> <span class='ocrx_word' id='word_1_292' title='bbox 1193 4164 1349 4231; x_wconf 89' lang='lat' dir='ltr'><strong>probatum,</strong></span> 
     </span>
     <span class='ocr_line' id='line_1_37' title="bbox 176 4245 1349 4316; baseline 0.01 -23"><span class='ocrx_word' id='word_1_293' title='bbox 176 4245 301 4306; x_wconf 90' lang='lat' dir='ltr'><strong>quoniam</strong></span> <span class='ocrx_word' id='word_1_294' title='bbox 314 4248 348 4300; x_wconf 88' lang='lat' dir='ltr'><strong>de</strong></span> <span class='ocrx_word' id='word_1_295' title='bbox 361 4248 414 4301; x_wconf 88' lang='lat' dir='ltr'><strong>alio</strong></span> <span class='ocrx_word' id='word_1_296' title='bbox 426 4252 568 4316; x_wconf 84' lang='lat' dir='ltr'><strong>praeterea</strong></span> <span class='ocrx_word' id='word_1_297' title='bbox 580 4246 648 4298; x_wconf 91' lang='lat' dir='ltr'><strong>nihil</strong></span> <span class='ocrx_word' id='word_1_298' title='bbox 661 4246 771 4298; x_wconf 90' lang='lat' dir='ltr'><strong>omnino</strong></span> <span class='ocrx_word' id='word_1_299' title='bbox 784 4246 909 4300; x_wconf 87' lang='lat' dir='ltr'><strong>traditur.</strong></span> <span class='ocrx_word' id='word_1_300' title='bbox 937 4248 1034 4315; x_wconf 88' lang='lat' dir='ltr'><strong>Itaque</strong></span> <span class='ocrx_word' id='word_1_301' title='bbox 1047 4247 1106 4300; x_wconf 89' lang='lat' dir='ltr'><strong>fieri</strong></span> <span class='ocrx_word' id='word_1_302' title='bbox 1119 4249 1216 4316; x_wconf 85' lang='lat' dir='ltr'><strong>potuit,</strong></span> <span class='ocrx_word' id='word_1_303' title='bbox 1233 4253 1265 4300; x_wconf 89' lang='lat' dir='ltr'><strong>ut</strong></span> <span class='ocrx_word' id='word_1_304' title='bbox 1280 4247 1349 4305; x_wconf 80' lang='lat' dir='ltr'><strong>Iuba</strong></span> 
     </span>
     <span class='ocr_line' id='line_1_38' title="bbox 177 4331 1233 4402; baseline 0.005 -22"><span class='ocrx_word' id='word_1_305' title='bbox 177 4343 236 4380; x_wconf 80' lang='lat' dir='ltr'><strong>eum</strong></span> <span class='ocrx_word' id='word_1_306' title='bbox 254 4349 397 4387; x_wconf 89' lang='lat' dir='ltr'><strong>numerum</strong></span> <span class='ocrx_word' id='word_1_307' title='bbox 417 4351 472 4385; x_wconf 89' lang='lat' dir='ltr'><strong>uon</strong></span> <span class='ocrx_word' id='word_1_308' title='bbox 490 4351 504 4384; x_wconf 93' lang='lat' dir='ltr'><strong>e</strong></span> <span class='ocrx_word' id='word_1_309' title='bbox 523 4332 662 4401; x_wconf 88' lang='lat' dir='ltr'><strong>Dionysio,</strong></span> <span class='ocrx_word' id='word_1_310' title='bbox 681 4331 728 4383; x_wconf 88' lang='lat' dir='ltr'><strong>sed</strong></span> <span class='ocrx_word' id='word_1_311' title='bbox 746 4337 861 4398; x_wconf 87' lang='lat' dir='ltr'><strong>uterque</strong></span> <span class='ocrx_word' id='word_1_312' title='bbox 880 4351 894 4385; x_wconf 90' lang='lat' dir='ltr'><strong>e</strong></span> <span class='ocrx_word' id='word_1_313' title='bbox 912 4332 1035 4386; x_wconf 86' lang='lat' dir='ltr'><strong>Varrone</strong></span> <span class='ocrx_word' id='word_1_314' title='bbox 1054 4334 1233 4402; x_wconf 81' lang='lat' dir='ltr'><strong>depromeret.</strong></span> 
     </span>
    </p>
   </div>
   <div class='ocr_carea' id='block_1_8' title="bbox 0 0 1617 4942">
    <p class='ocr_par' dir='ltr' id='par_1_11' title="bbox 0 0 1617 4942">
     <span class='ocr_line' id='line_1_39' title="bbox 0 0 1617 4942; baseline 0 0"><span class='ocrx_word' id='word_1_315' title='bbox 0 0 1617 4942; x_wconf 95' lang='lat' dir='ltr'><strong> </strong></span> 
     </span>
    </p>
   </div>
  </div>
 </body>
</html>
