3214 4942
708 351 915 412 -62—

226 533 356 600 nimium
386 534 479 600 nobis
512 555 637 601 sumere
664 535 824 618 videmur,
858 535 885 601 si
913 537 1012 602 etiam
1041 537 1215 620 Hyginum,
1246 540 1403 606 Varronis

226 645 307 711 alias
331 665 456 726 quoqne
479 645 698 728 expilatorem,
722 645 776 728 qni
799 666 855 712 eas
878 666 932 712 res
949 647 1061 714 Servio
1085 649 1318 732 suppeditavit,
1342 672 1402 733 per

226 756 360 822 eundem
383 761 544 822 auctorem
568 760 648 823 haec
670 762 855 824 assecutum
880 777 953 824 esse
975 759 1132 840 ponimus.

312 867 401 946 Quou
425 867 453 934 si
475 872 564 934 recte
587 867 733 952 facimus,
758 868 934 935 Varronem
959 889 1008 951 ea,
1035 890 1118 950 quae
1141 872 1196 938 Cn.
1222 873 1345 940 Gellius
1369 881 1404 940 et

225 979 267 1044 M.
285 978 418 1045 Porcius
443 985 616 1046 senserunt
638 982 677 1045 de
701 981 879 1062 eademne,
903 981 1124 1063 composuisse
1147 989 1292 1066 apparet.
1335 985 1404 1051 Hoc

142 1071 144 1078 ¹
226 1095 335 1155 autem
357 1091 460 1172 mode,
484 1090 513 1156 si
536 1092 602 1157 alia
624 1091 656 1157 in
673 1112 707 1158 re
731 1091 874 1158 eiusdem
890 1092 1019 1174 generis
1033 1129 1076 1138 -
1091 1114 1173 1175 quae
1189 1095 1262 1177 ipsa
1278 1116 1404 1177 quoque

225 1202 368 1283 pertinet
391 1202 431 1266 ad
448 1201 591 1268 Sabinos
615 1240 653 1248 —
678 1203 847 1284 utriusque
869 1202 995 1269 illorum
1021 1205 1203 1272 sententias
1227 1206 1403 1290 coniunxit,

226 1312 313 1377 etin
336 1313 399 1377 fine
421 1313 499 1378 belli
521 1313 712 1396 enarrando,
736 1313 790 1380 ubi
813 1315 946 1380 duarum
969 1315 1179 1398 relationum,
1210 1338 1290 1398 quas
1315 1318 1404 1383 exhi·

224 1423 309 1505 huit,
338 1423 475 1489 alteram
499 1423 678 1491 Gellianam
703 1445 777 1491 esse
805 1432 950 1508 constat,
979 1426 1115 1491 alteram
1140 1428 1258 1494 Catoni
1281 1429 1402 1513 deberi,

225 1534 380 1600 siminus
404 1541 535 1619 certum,
559 1540 668 1602 tamen
691 1537 858 1618 probabile
881 1543 969 1619 puto.

311 1645 376 1711 Nec
399 1645 527 1711 difficile
551 1647 740 1730 explicatur,
764 1668 820 1714 cur
835 1647 969 1714 Ovidius
989 1653 1023 1713 et
1038 1649 1232 1715 Plutarchus
1249 1652 1401 1735 alteram,

224 1758 362 1822 alteram
383 1757 559 1841 Dionysius
582 1759 724 1825 fabulam
749 1759 811 1825 sibi
834 1759 1060 1842 assumpserit.
1106 1759 1261 1828 Nimirum
1285 1769 1404 1844 poetae

223 1867 328 1949 magis
352 1869 466 1935 arrisit
488 1869 575 1935 inter
603 1869 690 1936 acies
719 1871 859 1937 hostium
889 1891 925 1937 se
953 1873 1118 1953 proripere
1147 1872 1307 1956 virgines
1338 1895 1405 1955 qua

223 1979 255 2044 in
280 1999 315 2044 re
338 1979 501 2061 pingenda
516 1981 669 2048 maiorem
685 1981 748 2048 vim
765 1981 924 2064 poeticam
941 1981 1109 2064 maiusque
1132 1985 1229 2050 πάθος
1248 1985 1403 2050 adhibere

223 2091 333 2173 potuit
355 2112 450 2174 quam
474 2092 503 2158 si
527 2092 717 2175 simpliciter
739 2092 772 2159 in
800 2097 911 2159 castra
935 2093 1125 2160 Sabinorum
1153 2113 1210 2161 cas
1237 2095 1403 2177 profectas

224 2222 297 2268 esse
331 2201 514 2270 cecinisset.
562 2205 709 2284 ldemque
743 2203 832 2270 cadit
864 2204 898 2269 in
929 2205 1150 2286 Plutarchum,
1185 2226 1278 2286 quem
1311 2207 1402 2273 illum

222 2313 327 2395 ipsum
355 2335 479 2396 quoque
508 2315 624 2381 animis
653 2315 892 2382 commovendis
920 2317 965 2380 ibi
994 2318 1126 2382 studere
1153 2317 1309 2385 Reussius
1335 2317 1357 2384 l.
1378 2319 1400 2383 l.

221 2446 250 2507 p.
269 2429 308 2491 18
331 2432 419 2493 recte
442 2427 618 2509 perspexit.

308 2539 429 2604 Contra
453 2538 643 2622 DionysiuS,
667 2541 760 2605 homo
784 2538 934 2621 ieiunior,
964 2539 1029 2605 etsi
1051 2541 1163 2606 rhetor
1185 2541 1239 2606 ille
1263 2561 1399 2624 quoque,

146 2733 148 2735 Ι
222 2649 381 2716 saniorem
410 2650 600 2716 relationem
628 2651 690 2717 sibi
716 2650 834 2718 ascivit
863 2670 1012 2732 eamque,
1046 2672 1127 2732 qnae
1160 2652 1230 2719 veri
1263 2652 1400 2718 similior

220 2759 294 2828 visa
317 2765 369 2826 est
391 2761 461 2827 viro
484 2761 651 2828 historico.
