3214 4942
667 341 880 410 „57-

271 533 359 598 Serv.
373 532 429 615 XI,
446 535 516 598 246.
546 534 733 600 »Diomedes
749 534 822 618 fuit
842 537 879 599 de
902 535 1036 618 ciuitate,
1060 557 1142 618 quae
1159 538 1264 619 Arpos
1280 537 1363 620 Hip-

178 644 262 726 pion
285 644 411 710 dicitur.
427 680 470 690 -
486 681 525 690 —
541 680 584 690 -
606 646 673 711 Hic
694 645 731 710 in
754 645 881 727 Apulia
905 646 1047 712 condidit
1068 648 1239 731 ciuitatem,
1261 639 1364 731 'quam

177 755 312 838 patriae
339 779 417 822 suae
445 757 573 822 nomine
599 756 777 839 appellavit
800 764 829 822 et
850 757 956 840 Arpos
978 757 1129 839 Hippian
1152 759 1251 825 diuit:
1283 763 1367 843 quod

183 890 296 933 nomen
312 875 425 949 posteo
447 875 595 934 uetustate
617 876 797 950 concoeptum
820 875 872 951 est,
896 875 925 934 et
939 868 1067 952 factum
1082 867 1173 952 [est],
1196 878 1231 936 ut
1252 871 1366 938 ciuitas

183 980 379 1063 Aeppnippa
401 981 570 1045 diceretur:
592 981 807 1062 quodminus
830 987 1009 1062 corruptum
1032 982 1140 1062 Arpos
1156 983 1264 1065 fecit«

272 1089 361 1156 Serv.
376 1088 460 1171 Vfll,
477 1093 506 1154 9.
539 1091 740 1172 »Diomedem
764 1099 935 1173 postquam
957 1093 1097 1174 repperit
1118 1093 1172 1158 ina
1193 1094 1323 1160 Venetis
1345 1117 1366 1159 a

184 1224 217 1268 se
238 1202 425 1268 vulneratae
446 1188 575 1268 numam
598 1203 687 1284 apud
702 1203 809 1285 Arpos
831 1203 965 1285 turpiter
985 1204 1098 1286 oioete,
1122 1203 1225 1269 noluit
1238 1206 1367 1271 nenati:

184 1315 241 1380 sed
261 1314 361 1380 tenuit
376 1319 488 1395 poetes
503 1313 648 1395 Apuliae
669 1320 698 1378 et
719 1314 856 1380 edomita
878 1315 964 1380 omini
986 1316 1102 1380 montis
1121 1316 1273 1399 Goepam'
1290 1317 1367 1381 mul·

185 1424 320 1491 titudine
347 1425 385 1490 iu
411 1427 515 1490 eodem
543 1432 644 1490 tractu
672 1425 813 1491 civitatee
834 1427 999 1508 plurimas
1022 1427 1172 1492 coadidit.
1229 1429 1317 1494 Nam
1340 1435 1369 1494 et

184 1537 396 1602 Beneuentum
429 1544 458 1602 et
478 1537 738 1619 Equumtuticum
764 1537 833 1618 ipse
863 1537 1005 1604 coadidit
1029 1546 1058 1604 et
1079 1540 1197 1622 arpos,
1232 1561 1314 1622 quac
1340 1547 1367 1605 ot

185 1647 378 1731 Auppm'ppa
404 1648 530 1714 dicitur.
566 1684 608 1692 -
641 1683 682 1692 -
716 1683 758 1692 -
804 1646 908 1727 (Sane
934 1650 1096 1715 scieicdum
1119 1651 1277 1732 Apuliam
1303 1673 1367 1716 uuo

185 1760 302 1825 dictam
317 1759 477 1842 uocabulo,
494 1762 549 1824 ced
564 1760 660 1826 liuius
673 1768 811 1843 pontem,
827 1783 924 1844 quom
936 1761 1106 1827 Diomedes
1121 1763 1227 1845 tatuit,
1244 1761 1368 1828 Messa·

179 1871 276 1953 piam
298 1878 327 1936 et
344 1871 526 1936 Peucetiam
549 1893 571 1936 o
594 1873 713 1936 duobus
732 1872 893 1954 fraleitan
913 1873 1040 1956 dictam,
1064 1874 1120 1955 qui
1142 1873 1211 1938 illic
1233 1874 1367 1956 impona-

184 1980 417 2064 uunt.)¹)·item
432 1983 605 2048 Dauniam
628 2006 649 2048 a
665 1984 786 2049 Dauno
808 2005 880 2066 nepe
902 1984 1072 2065 Apuliae«
1105 1984 1153 2050 Cf.
1168 1981 1235 2066 Vll,
1252 1987 1323 2049 286.

273 2093 359 2159 Fere
380 2092 465 2159 idem
489 2099 612 2176 anetem,
643 2085 848 2160 etsi'misore
871 2095 1085 2176 decurtatum,
1109 2114 1126 2159 e
1151 2094 1263 2161 Verrio
1287 2095 1368 2161 Pau-

186 2206 236 2271 lus
261 2206 447 2284 servavit.²)
493 2209 540 2272 Ao
562 2225 603 2272 ne
630 2205 830 2289 inquinem,
860 2206 943 2286 quod
972 2207 1011 2271 de
1036 2207 1149 2272 Dauno
1176 2225 1254 2288 rogo
1277 2209 1369 2273 seho-

185 2316 303 2384 liastes
327 2317 433 2399 magis
449 2317 584 2384 strinxit
600 2338 694 2398 quam
710 2316 871 2400 narravit,
888 2315 1093 2384 desideratur
1108 2318 1194 2398 apud
1206 2317 1367 2396 Paulnm³)

185 2427 332 2511 idemque
356 2429 505 2511 tangitur
528 2449 548 2494 a
572 2429 674 2496 Plinio
690 2428 743 2512 ΙΙΙ,
764 2429 860 2504 103.⁴)
900 2426 948 2494 cf.
964 2429 1055 2495 Ovid.
1072 2429 1150 2494 fast.
1163 2429 1217 2510 lV,
1231 2431 1281 2494 to.

272 2539 377 2606 Servii
392 2540 536 2606 scholion
553 2542 594 2606 ad
607 2542 686 2606 Aen.
701 2540 738 2622 ΙΙ,
753 2543 810 2605 781
829 2540 883 2619 (de
899 2539 1025 2618 Tuscis)
1042 2540 1216 2606 alancone
1231 2539 1367 2621 petitum

186 2669 260 2717 osso
287 2671 386 2734 snpra
413 2655 456 2733 (p.
474 2655 514 2718 37
529 2656 613 2732 sqq.)
643 2648 864 2717 demonstravi
891 2668 950 2714 nec
981 2669 1043 2714 non
1067 2650 1154 2716 illius
1178 2656 1367 2717 concentum

143 2765 144 2770 ’
185 2765 300 2829 notavi
323 2783 393 2830 cum
416 2762 528 2828 Verrio
552 2769 586 2828 et
609 2762 751 2838 Plini0.⁵)

275 2959 298 3027 ¹)
318 2958 405 3012 Servii
422 2960 515 3027 verba,
534 2976 603 3026 quae
621 2958 728 3010 uncinis
748 2959 757 3026 (
792 2959 801 3026 )
820 2958 927 3028 inclusi,
947 2957 1113 3009 dissentiunt
1132 2955 1250 3008 aPlinio
1262 2956 1314 3024 ΙΙΙ,
1327 2957 1367 3010 99.

274 3045 298 3113 ²)
317 3044 393 3098 Paul.
412 3064 437 3114 p.
452 3045 493 3112 75,
512 3045 535 3096 5.
574 3043 730 3096 »Diomedis
753 3043 842 3111 compi
863 3044 893 3096 in
915 3043 1035 3111 Appulia
1059 3042 1248 3110 appellantur,
1276 3041 1322 3108 qui
1345 3041 1369 3094 ei

186 3130 215 3183 in
234 3129 361 3182 divisione
378 3129 464 3198 nepai,
483 3147 565 3197 quam
583 3147 643 3184 cum
663 3130 764 3183 Dauno
777 3130 856 3198 fecit,
876 3131 1034 3182 cesserunt«

272 3215 342 3268 Ibid.
364 3215 526 3268 »Diomedia
539 3215 640 3280 insula,
653 3216 682 3268 iu
696 3233 749 3282 ηιια
763 3215 907 3268 Diomedes
919 3215 1039 3282 sepultus
1051 3217 1098 3278 est,
1117 3213 1243 3266 concedens
1256 3213 1366 3266 Italia«

276 3303 299 3370 ³)
318 3301 394 3354 Paul.
405 3320 431 3370 p.
442 3303 483 3370 69,
495 3303 518 3354 1.
544 3301 676 3354 »Daunia
687 3301 807 3369 Appulia
821 3301 976 3368 appellatur
988 3318 1005 3352 a
1015 3300 1127 3364 Dauno,
1140 3299 1271 3368 Illpiicae
1281 3299 1369 3367 pontis

187 3389 260 3441 clano
272 3387 395 3454 virumn
407 3405 475 3452 com,
481 3390 595 3455 propter
604 3387 776 3440 domesticam
788 3387 944 3440 seditionem
958 3385 1196 3453 euccdenspotria,
1207 3384 1366 3452 occupavit«

276 3474 299 3542 ⁴)
320 3473 359 3526 Of.
380 3473 477 3525 Strabo
497 3473 544 3541 VI,
567 3492 592 3541 p.
610 3475 660 3524 283
681 3491 720 3541 sq.
744 3475 780 3541 (p.
793 3474 887 3540 390‚3
911 3473 1012 3540 Mein).
1051 3473 1181 3523 »ἐκαλεῖτο
1206 3468 1266 3530 δ’ἐξ
1285 3467 1369 3540 ἀρχῆς

185 3560 286 3632 Ἄργος
303 3561 404 3626 tanton,
423 3556 471 3612 εἶτ’
489 3557 668 3631 Ἀργυρίτιιτα,
687 3560 741 3612 εἶτα
761 3563 810 3612 νῦν
824 3559 930 3632 ”Apula
968 3560 1089 3628 λε’γονται
1109 3554 1295 3627 δίἷμηότεραι
1314 3564 1369 3606 Διο-

187 3644 290 3717 μήδους
307 3653 442 3715 κτίσματα·
462 3647 506 3697 nal
525 3644 551 3696 τδ
570 3647 664 3697 πεδίον
675 3647 719 3696 καὶ
733 3644 801 3697 dtlo
814 3643 897 3696 nolli
911 3647 1045 3696 δείκνυται
1057 3647 1102 3708 τῆς
1115 3640 1264 3712 Διομήδους
1276 3642 1305 3692 ἐν
1317 3640 1369 3692 τού-

187 3751 241 3790 τοις
258 3734 310 3790 τοῖς
328 3730 416 3788 τόττοις
434 3732 590 3789 δυναστειάς
602 3735 707 3801 σημεῖα,
726 3731 755 3782 ἓν
767 3733 818 3802 μὲν
829 3735 864 3799 τῷ
876 3735 920 3795 τῆς
932 3728 1053 3794 Ἀθηνᾶς
1065 3731 1127 3799 ἱερῷ
1139 3731 1183 3794 τῆς
1196 3729 1224 3779 ἕν
1237 3735 1368 3799 Δουκερίη,

188 3814 289 3868 τταλαιδ
302 3814 467 3887 ιῖναδὴματα
488 3818 542 3884 (καὶ
562 3812 625 3881 αὕτη
645 3813 771 3889 δ’ὖττῆρξε
790 3815 866 3875 πόλις
883 3814 983 3888 εἰρχαιά
1003 3823 1132 3881 Δαυνίων,
1152 3817 1202 3866 νυν
1219 3815 1247 3864 δὲ
1260 3820 1370 3865 τεταπεί-

189 3904 287 3971 νωται),
307 3903 336 3954 ἓν
354 3903 382 3953 δὲ
401 3906 430 3972 τῇ
448 3904 560 3967 πλησίον
578 3901 695 3972 θαίιὲττη
715 3901 762 3953 δίο
776 3906 851 3966 νῆσοι
864 3900 1022 3972 Διομὴδειαι
1035 3899 1309 3972 προσαγορευόμεναι,
1332 3889 1370 3950 ὧν

189 3984 204 4053 ἦ
224 3989 276 4059 μὲν
296 3991 413 4056 οἰκεῖται,
431 3987 478 4053 την
496 3987 633 4059 δ’ἕρημην
651 3991 735 4056 ηασὶν
753 3987 834 4039 εἶναι·
855 3989 884 4039 ἓν
901 3978 918 4057 ᾗ
936 3989 980 4038 καὶ
999 3985 1044 4037 τὸν
1065 3983 1183 4055 Διομήδη
1202 3982 1370 4055 μυθεύουσιν

188 4071 381 4143 ιῖηανισθῆναί
396 4094 464 4133 τινες
482 4078 526 4126 καὶ
544 4071 602 4132 τούς
620 4075 738 4146 ἑταίρους
756 4070 982 4145 (inconvenientium
1001 4073 1045 4123 nai
1065 4068 1096 4134 δὴ
1110 4074 1154 4122 καὶ
1168 4073 1217 4121 νῦν
1229 4072 1370 4140 διαμένειν

189 4155 302 4233 ἡμέρους
322 4162 367 4211 καὶ
384 4167 445 4228 βίον
467 4157 525 4212 cauci
550 4163 598 4224 ζῆν
616 4157 791 4231 τῖνδρώαινον
814 4157 885 4219 τάξει
907 4178 932 4210 τε
952 4160 1054 4222 διαίτης
1072 4159 1116 4208 καὶ
1135 4160 1165 4225 τῇ
1183 4152 1248 4226 πρὸς
1266 4153 1370 4228 ανθρώ-

189 4263 254 4304 ττους
272 4241 411 4316 ἡμερότητι
429 4243 488 4305 τούς
506 4247 635 4312 ἐπιεικεῖς,
655 4242 706 4296 dud
726 4245 755 4296 δὲ
773 4247 825 4296 τών
842 4243 1003 4316 κακούργων
1020 4245 1064 4292 καὶ
1083 4245 1192 4313 μιαρῶν
1211 4245 1309 4310 ηιυγῇκ

261 4332 285 4399 ⁵)
306 4331 345 4384 Cf.
365 4330 452 4383 Strab.
473 4331 510 4398 V,
528 4333 578 4382 219
602 4331 638 4398 (p.
658 4332 721 4398 300,
744 4331 778 4381 20
796 4329 852 4398 ΙΙΙ).
891 4332 931 4380 »οἱ
956 4328 1088 4400 Τυῤῥηνοὶ
1113 4334 1202 4378 τοίνυν
1223 4323 1295 4399 alipii
1319 4330 1370 4384 wie

1181 4429 1216 4479 δῦ
