3214 4942
701 355 737 366 .„
786 322 913 385 70...

301 509 391 576 Dixit
419 515 527 578 autem
555 509 687 576 Servius
705 508 774 590 Vll,
797 510 858 574 563
888 527 1078 574 enumerare
1103 507 1281 574 Varronem
1308 514 1403 591 »quot

215 625 285 690 loru
307 624 343 689 in
366 622 471 688 Italia
492 624 558 688 sint
579 621 789 688 huiusmodi«
1199 629 1202 636 '

303 734 393 811 Quod
417 753 487 798 eum
510 733 557 798 ita
581 732 636 815 sit,
660 737 786 797 eeteros
810 752 936 813 queque
953 730 1058 798 Servii
1080 731 1320 814 adnotationes⁷
1343 730 1401 798 ubi

217 846 256 911 de
291 845 448 911 eiusmodi
481 844 668 926 regionibus
702 842 862 933 loquitur,
899 844 941 908 ad
978 845 1112 909 eundem
1150 848 1317 910 auctorem
1349 862 1402 907 re·

217 957 303 1023 ferre
325 955 411 1022 lieet.

303 1071 350 1133 Ae
371 1067 508 1149 primum
532 1067 660 1147 quidem
686 1064 801 1132 similis
817 1066 907 1132 loeus
924 1071 996 1132 erat
1012 1067 1053 1131 ad
1066 1066 1234 1131 Soractem
1248 1070 1400 1130 montem.

219 1178 267 1244 De
284 1199 345 1260 qno
362 1177 495 1244 Servius
511 1179 551 1243 ad
570 1180 647 1242 Aen.
664 1176 719 1259 Xl,
737 1179 812 1242 785:
844 1179 1004 1244 »Smoelis
1018 1200 1108 1244 mons
1124 1185 1168 1244 est
1182 1178 1403 1260 Hirpinorum

217 1291 253 1356 in
269 1289 441 1356 Flaminia
464 1289 649 1354 conlocatus.
688 1290 731 1354 In
746 1289 803 1354 loe
818 1296 921 1355 nutem
936 1297 1038 1356 monte
1053 1311 1122 1355 eum
1138 1289 1317 1371 aliquunde.
1327 1289 1403 1354 Diti

212 1402 306 1485 putri
320 1423 447 1466 seersum
455 1400 686 1482 persolveretur
708 1435 749 1444 -
771 1423 849 1465 nam
863 1398 966 1483 [diis]
981 1400 1131 1466 munibus
1147 1407 1342 1466 consecratus
1358 1407 1406 1466 est

219 1547 261 1558 -
275 1513 376 1578 subito
398 1513 554 1578 uenientes
570 1511 640 1593 lupi
655 1519 726 1577 enta
742 1510 765 1593 [
761 1514 799 1578 de
813 1510 903 1594 ipnn]
918 1520 1103 1594 rapuernm.
1149 1514 1232 1594 Quos
1255 1533 1324 1578 rrum
1345 1513 1404 1578 diu

172 1631 181 1645 ’
219 1621 396 1706 [pastores]
419 1621 631 1706 sequerentur,
651 1623 748 1689 delnln'
770 1631 845 1689 sunt
874 1625 918 1688 ud
939 1625 1105 1705 quondum
1131 1625 1323 1707 speluncam,
1347 1624 1403 1688 lou·

220 1736 310 1802 litum
332 1757 369 1800 en
390 1757 422 1800 se
439 1735 629 1818 pestiferum
651 1735 844 1818 emittentem,
869 1737 946 1802 odeo
969 1743 1005 1801 ut
1021 1735 1113 1800 iuntu
1127 1742 1245 1802 stantes
1259 1744 1404 1802 necaret:

130 1923 131 1926 Ἴ
221 1845 285 1930 [et]
313 1847 426 1913 exinde
453 1853 497 1918 est
523 1853 593 1912 orte
610 1847 805 1929 pestilentie,
834 1847 913 1930 puin
929 1847 1068 1932 suerunt
1090 1847 1181 1930 lupos
1202 1847 1308 1913 secuti.
1353 1847 1405 1912 De

221 1982 286 2043 pun
308 1980 491 2040 responsum
514 1966 558 2024 est
580 1980 675 2041 posse
697 1981 768 2025 eum
789 1959 907 2041 sedari,
936 1958 966 2024 sl
990 1959 1080 2041 lupos
1103 1958 1315 2041 imitarentur,
1338 1959 1360 2024 l.
1379 1981 1404 2024 e.

222 2073 260 2136 de
292 2077 385 2152 rupto
418 2071 565 2136 uiument.
615 2073 705 2152 Quod
724 2078 895 2154 postquem
918 2071 1121 2154 factumest,
1145 2069 1406 2152 dietisnntipsl

217 2181 334 2265 populi
362 2181 467 2275 Hirpi
494 2182 632 2248 Sorani:
665 2205 742 2247 num
777 2182 846 2265 lupi
876 2183 1071 2247 Sabinorum
1106 2182 1219 2265 llnpua
1252 2188 1407 2247 nocentur

224 2291 350 2374 hirpi¹>
395 2292 516 2358 Sorani
538 2314 609 2358 nero
633 2316 654 2358 u
669 2293 761 2359 Dite:
782 2316 860 2360 num
876 2293 966 2359 Ditis
982 2300 1078 2375 puter
1093 2293 1239 2359 Soranus
1260 2300 1408 2360 noratur:

224 2403 321 2487 quusi
344 2403 413 2485 lupi
435 2404 526 2470 Ditis
541 2404 710 2487 putris.«²)

314 2515 362 2579 Ae
374 2533 410 2578 re
421 2534 500 2581 uera
513 2515 689 2582 Varronem
702 2517 742 2580 de
755 2518 815 2582 hoe
827 2521 936 2582 monte
948 2515 1070 2582 dixisse
1082 2515 1204 2582 Plinius
1217 2522 1331 2583 aneton
1342 2520 1406 2582 est.

311 2625 392 2692 Plin.
410 2627 461 2708 31,
478 2629 528 2692 27.
557 2629 696 2694 »Neeurl
712 2629 807 2712 aquis
826 2630 1044 2711 Theopompus
1059 2636 1088 2694 et
1101 2629 1137 2694 ln
1158 2628 1302 2694 Tlrnnlu
1318 2631 1410 2712 opud

230 2738 368 2822 Opelros
391 2738 477 2820 dicit,
501 2741 603 2822 Lpeos
629 2741 665 2805 ln
688 2741 855 2806 Leontinis
883 2741 971 2807 lertio
994 2740 1046 2806 die
1068 2763 1166 2823 qnam
1187 2741 1260 2824 quis
1283 2740 1406 2823 biberit,

231 2851 334 2915 Varro
357 2851 402 2914 ud
423 2849 574 2916 Soracten
596 2851 633 2916 in
648 2854 750 2936 sonte
774 2852 864 2918 ouius
885 2853 929 2917 sit
950 2852 1084 2918 latitudo
1099 2853 1124 2916 I
1128 2853 1159 2917 V
1169 2853 1298 2934 pedum.
1334 2851 1409 2917 Sole

226 2963 343 3028 orienle
366 2984 435 3027 eum
457 2964 619 3028 exundare
631 2964 773 3047 feruenti
787 2963 933 3045 similem,
958 2985 1041 3046 unes,
1064 2985 1146 3047 puae
1161 2964 1407 3046 depastunerint,

226 3074 318 3139 lurotu
340 3080 482 3138 mortuus
503 3074 634 3140 inrue«
684 3073 717 3158 [l.
734 3074 791 3156 Xl,
814 3075 853 3140 fr.
871 3078 898 3140 9.
916 3073 1062 3159 Mirseh]

313 3184 360 3250 ef.
378 3183 458 3249 Pliu.
476 3184 512 3266 ll,
529 3187 637 3269 wilt,
662 3185 716 3267 qui
738 3187 838 3269 loeus,
863 3185 927 3252 etsi
944 3184 1100 3252 Varronis
1124 3205 1240 3252 nomen
1263 3190 1406 3268 tacetur,

229 3375 268 3428 Cf.
288 3393 313 3442 p.
336 3373 381 3438 71,
405 3373 428 3422 6.
475 3371 579 3424 Tamen
601 3391 633 3424 ea
656 3390 776 3440 quoque,
804 3391 873 3440 quae
901 3373 934 3425 de
962 3373 1203 3443 Iunone-Mephiti
1230 3372 1338 3424 Servius
1364 3371 1410 3423 ad-

228 3459 309 3526 didit,
336 3458 488 3510 Varronem
511 3458 657 3526 resipiunt,
686 3477 767 3525 quem
790 3460 924 3512 Iunonem
952 3461 1043 3512 adrem
1067 3478 1125 3513 esse
1149 3459 1273 3512 docuisse
1296 3458 1407 3511 seimus.

229 3545 309 3616 (Aug.
328 3544 376 3610 IV,
396 3544 428 3594 10
446 3543 514 3611 init,
533 3543 636 3598 Arnob.
656 3546 708 3609 III,
726 3547 779 3614 30.)

212 3645 217 3655 ’
319 3631 342 3698 ¹)
364 3629 403 3681 Cf.
422 3628 498 3682 Paul.
518 3649 543 3698 p.
558 3631 615 3698 106,
635 3633 657 3683 1.

318 3718 341 3784 ²)
360 3716 394 3767 Iu
412 3715 502 3767 verbis
523 3715 554 3768 ui.
575 3733 595 3768 e.
615 3717 646 3770 de
664 3721 743 3788 rupto
761 3719 894 3771 viverent«
915 3719 1076 3772 scholiastae
1099 3717 1253 3770 doctrinam
1274 3716 1409 3770 Iordanes

230 3805 302 3874 (krit.
317 3802 400 3854 Beitr.
415 3819 463 3852 zur
476 3801 573 3856 Geseh.
587 3803 611 3856 d.
626 3805 671 3856 lat.
686 3805 804 3873 Spraehe
823 3825 848 3874 p.
863 3806 923 3873 163)
942 3810 1016 3858 reete
1036 3805 1154 3873 agnovit.
1186 3803 1260 3868 Quae
1278 3802 1312 3856 de
1328 3820 1410 3855 sensu

230 3908 324 3945 eorum
343 3887 471 3939 disseruit
482 3888 526 3939 vir
538 3888 720 3959 doctissimus,
739 3910 778 3960 ea,
798 3893 921 3959 quamvis
934 3893 1080 3944 videantur
1095 3889 1274 3956 verisimilia,
1292 3889 1410 3958 probare

229 3976 364 4046 impedior
381 3973 472 4025 verbis
494 3973 540 4026 »de
558 3975 647 4044 tyni«,
671 3995 740 4044 quae
760 3997 808 4031 eur
826 3979 969 4032 adiecisset
987 3976 1179 4045 interpolator,
1202 3974 1335 4028 Iordanus
1353 3992 1410 4026 non

230 4061 384 4132 explicavit.
411 4057 547 4124 Equidem
566 4065 719 4130 putaverim
738 4065 961 4134 interpolatorem
980 4065 1077 4132 legisse
1096 4063 1124 4114 in
1143 4062 1218 4114 fonte
1237 4078 1332 4114 suo-
1351 4060 1409 4114 soil.

231 4153 327 4206 eedem
354 4145 397 4200 vel
425 4144 507 4197 simili
534 4154 616 4216 atque
640 4151 675 4218 is,
704 4169 784 4219 quem
803 4151 936 4219 genuinus
957 4150 1065 4202 Servius
1089 4147 1224 4217 expressit
1243 4177 1274 4184 -
1293 4146 1410 4198 suasisse

231 4239 379 4302 oraculum,
406 4233 438 4282 ut
463 4231 503 4283 illi
532 4235 610 4303 lupos
641 4239 827 4305 imitarentur,
849 4237 865 4290 i.
884 4255 905 4290 e.
925 4237 977 4305 ipsi
1000 4253 1107 4304 quoque
1131 4235 1207 4302 ignes
1229 4233 1408 4289 transilirent.

232 4324 317 4390 Quem
336 4328 420 4384 ritum
438 4348 470 4384 ea
488 4325 516 4376 in
534 4325 644 4394 regione
663 4325 799 4380 exstitisse
818 4327 932 4378 constat.
