3214 4942
688 336 898 398 „85-

203 531 330 602 ‚luimus
340 527 373 611 ¹),
381 527 444 610 ita
455 530 493 593 ut
506 524 595 591 illius
608 522 794 590 memoriam
810 525 852 588 ab
864 521 992 605 Hygino
1008 541 1064 586 eos
1080 519 1216 602 petiisse
1233 519 1384 602 pateat.²)

208 639 361 709 Omnibus
390 642 498 705 autem
525 636 578 720 iis,
611 654 694 717 quae
725 635 764 700 de
788 633 915 716 oppidis
938 631 1061 699 ltalicis
1086 631 1290 698 Varroniana
1313 631 1386 697 Ser-

207 751 280 821 vius
303 748 437 818 scholiis
461 750 529 816 suis
552 746 699 829 inseruit,
723 745 910 830 aptissimus
925 745 1015 811 locus
1032 747 1104 809 erat
1119 742 1151 808 in
1169 741 1288 825 Hygini
1302 741 1385 807 libro

207 864 351 930 laudato.
384 861 499 942 ltaque
522 858 586 926 etsi
608 878 673 925 non
695 857 812 940 omnia,
835 863 944 923 tamen
968 872 1016 938 ea,
1040 873 1122 936 quae
1145 855 1187 920 ad
1201 856 1297 920 urbes
1314 872 1387 934 per·

208 974 325 1057 tinent,
351 969 506 1039 Varronis
534 971 719 1053 fragmenta
742 969 828 1051 apud
852 966 1063 1034 scholiastam
1087 971 1219 1032 servata
1242 984 1299 1046 per
1323 964 1387 1047 Hy-

209 1085 318 1170 ginum
339 1085 425 1151 bunc
458 1086 645 1149 assecutum
674 1100 747 1148 esse
776 1079 894 1162 puto.³)
938 1077 1004 1144 Nec
1032 1097 1109 1146 vero
1139 1075 1243 1159 ipsius
1266 1075 1387 1159 Hygini

209 1217 307 1282 opera
330 1193 476 1263 Servium
498 1191 701 1275 excerpsisse
724 1190 924 1274 crediderim,
949 1189 1007 1256 sed
1028 1189 1061 1255 id
1090 1189 1193 1256 solum
1214 1187 1294 1254 mibi
1316 1207 1387 1269 per-

210 1308 300 1378 suasi
325 1307 416 1374 illum
442 1325 540 1373 unum
565 1303 668 1372 inisse
698 1322 738 1368 ex
766 1301 823 1385 iis,
841 1341 843 1346 ,
858 1303 912 1384 qui
940 1301 1037 1367 medii
1062 1300 1273 1368 intercedunt
1301 1299 1387 1365 inter

210 1420 389 1488 Varronem
413 1422 448 1484 et
470 1416 627 1484 Servium.

204 1590 208 1596 .
292 1529 366 1600 Alii
386 1534 495 1597 curtem
524 1527 601 1611 quin
629 1529 693 1595 iam
721 1531 798 1592 ante
824 1525 969 1593 Servium
999 1523 1217 1607 expilaverunt
1245 1522 1388 1606 Augusti

208 1643 374 1724 libertum,
408 1626 501 1708 nemo
529 1638 701 1706 dubitabit.
758 1639 806 1704 Ac
836 1642 927 1704 recte
954 1657 1026 1703 mea
1060 1637 1187 1719 quidem
1221 1635 1388 1702 sententia

208 1750 497 1821 Laemmerhirtius
522 1749 544 1817 t
565 1751 586 1816 l.
610 1770 642 1832 p.
664 1752 724 1816 372
753 1755 787 1816 et
810 1751 872 1815 380
895 1769 912 1815 e
936 1750 1026 1816 Serv.
1041 1748 1113 1832 Vll,
1137 1752 1199 1816 678
1228 1747 1388 1815 conclusit

211 1884 285 1933 eum·
305 1870 346 1931 ex
368 1863 479 1931 eodem
502 1863 594 1929 fonte
615 1861 767 1929 hausisse
791 1861 911 1945 Hygini
934 1861 1115 1927 doctrinam
1139 1860 1294 1942 (itemque
1310 1860 1387 1925 Pto·

192 1968 326 2046 'lemaei
349 1979 383 2042 et
406 1973 541 2042 Catonis
565 1974 671 2056 quoad
695 1973 821 2055 quidem
850 1973 891 2039 ad
914 1972 1068 2039 civitates
1092 1971 1196 2039 totius
1223 1971 1310 2038 orbis
1334 1974 1387 2039 de·

212 2087 401 2156 scribendas
428 2077 637 2169 pertineret),
667 2086 753 2152 uude
781 2083 975 2152 scholiastes
1004 2083 1152 2150 Pliniana
1181 2104 1306 2167 quoque
1336 2104 1388 2151 au·

211 2199 365 2284 cepisset,
389 2216 524 2280 eumque
538 2197 659 2264 iontem
672 2195 810 2280 Vergilii
826 2196 985 2278 quendam
1006 2195 1268 2263 commentarium
1284 2196 1388 2263 fuisse

210 2309 423 2395 probabiliter
445 2307 594 2377 coniecit.
641 2309 745 2392 Supra
767 2314 874 2375 autem
899 2309 989 2376 Serv.
1005 2308 1046 2392 ll,
1068 2310 1126 2372 174
1149 2305 1245 2375 Plinii
1268 2307 1389 2376 Varro·

210 2425 326 2505 nisque
346 2421 534 2490 memoriam
563 2419 628 2487 iam
654 2419 688 2486 in
716 2421 808 2487 fonte
831 2441 889 2488 suo
915 2440 980 2487 una
1003 2419 1139 2486 citatam
1160 2419 1283 2503 legisse
1306 2419 1388 2485 vidi-

210 2553 283 2601 mus
305 2539 349 2615 (p.
367 2537 431 2616 ta),
453 2533 474 2598 i.
491 2552 530 2615 e.,
563 2535 600 2597 ut
625 2551 710 2598 nunc
740 2531 868 2597 adicere
890 2531 983 2614 licet,
1016 2531 1051 2597 in
1079 2531 1309 2598 commentario
1332 2532 1388 2599 illo

211 2641 316 2726 ignoti
338 2641 496 2725 auctoris,
518 2659 611 2724 quem
633 2641 744 2724 posuit
767 2642 1055 2710 Laemmerhirtius
1078 2665 1109 2726 p.
1128 2645 1199 2708 380.

283 2751 366 2820 ¹lieo
386 2737 465 2821 vero
488 2751 599 2820 fabula
621 2751 667 2818 ibi
689 2752 837 2821 aServio
861 2761 1014 2820 enarrata
1037 2756 1078 2820 ad
1094 2754 1255 2838 Hyginum
1276 2756 1390 2822 referri

300 2959 324 3028 ¹)
344 2957 383 3011 Of.
403 2955 501 3010 Ascon.
520 2957 549 3010 in
567 2957 621 3011 Pis.
640 2976 666 3028 p.
680 2958 712 3010 12
730 2958 765 3012 K.
794 2958 867 3012 Serv.
887 2959 1061 3027 Aequam.
1089 2959 1219 3030 Interpol.
1238 2960 1389 3028 V111,600.

208 3044 293 3101 Mser.
312 3045 335 3114 Ι,
353 3045 369 3096 7
388 3043 433 3112 (ef.
452 3062 478 3112 p.
492 3043 543 3112 10).
580 3043 620 3097 Of.
640 3044 770 3114 Interpol.
789 3044 868 3113 VIII,
886 3046 936 3097 638
955 3046 992 3114 (p.
1005 3045 1037 3097 61
1058 3047 1116 3114 sq).

287 3121 322 3201 ¹²)
341 3129 419 3197 Quod
437 3147 500 3183 curn
517 3130 557 3183 ita
574 3130 622 3198 sit,
640 3148 690 3200 per
707 3129 847 3199 Hyginum
867 3131 924 3184 eius
945 3131 1020 3184 modi
1038 3131 1210 3186 Varroniana
1232 3135 1389 3202 pervenisse

210 3218 245 3272 ad
261 3217 377 3286 Vergilii
394 3215 647 3284 interpretemiam
668 3235 698 3269 re
720 3217 780 3286 ipsa
802 3216 1047 3270 verisimillimum
1070 3224 1180 3272 estnec
1202 3220 1339 3274 refutatur
1357 3238 1389 3273 ea

211 3305 359 3372 sententia,
382 3303 405 3356 si
428 3302 489 3370 quis
511 3302 717 3371 improbaverit,
740 3319 810 3372 quae
834 3303 972 3372 disputavi
996 3303 1030 3357 de
1052 3304 1155 3374 duplici
1180 3306 1273 3358 fabula
1291 3325 1307 3358 a
1324 3307 1405 3360 Var?

211 3407 277 3442 rone
294 3391 408 3459 prolata.

299 3475 323 3542 ³)
342 3473 430 3544 Supra
448 3475 484 3544 (p.
498 3476 539 3542 73,
557 3475 585 3542 2)
612 3491 626 3527 e
646 3473 727 3526 Plinii
752 3474 893 3544 Serviique
920 3494 1053 3530 consensu
1071 3477 1223 3530 Varronem
1246 3480 1388 3547 utriusque

211 3559 316 3614 fontem
334 3559 417 3614 fuisse
435 3560 598 3615 concludere
616 3560 677 3613 ideo
700 3559 837 3628 dubitavi,
860 3563 934 3632 quod
955 3562 990 3616 ad
1010 3562 1140 3616 Catonem
1162 3581 1270 3631 quoque
1293 3565 1389 3619 referri

210 3649 304 3718 posset
330 3663 424 3700 eorum
451 3651 607 3702 concentus.
642 3646 723 3700 Nunc
748 3646 822 3700 idem
849 3646 883 3700 de
908 3647 1017 3716 Hygino
1044 3650 1136 3702 valere
1162 3668 1267 3703 moneo,
1304 3651 1390 3717 Quem

211 3732 294 3788 etiam
312 3750 329 3785 a
345 3731 435 3785 Plinio
453 3733 604 3802 expilatum
626 3751 685 3788 esse
708 3737 851 3787 auctorum
872 3732 976 3786 indices
1000 3734 1106 3788 docent.
1143 3736 1193 3789 Ille
1212 3742 1316 3805 autern,
1338 3739 1389 3791 etsi

210 3818 348 3890 permulta
359 3835 375 3873 e
386 3817 518 3872 Varronis
530 3818 607 3874 libris
621 3819 674 3874 sibi
686 3819 791 3888 ascivit,
811 3822 884 3872 certe
897 3836 952 3871 non
965 3820 1056 3873 omnia
1074 3839 1123 3873 sua
1141 3839 1174 3874 ex
1193 3839 1225 3875 eo
1238 3822 1388 3892 descripsit.

209 3907 308 3974 Itaque
326 3903 386 3958 fieri
407 3904 510 3973 potuit,
533 3907 565 3957 nt
587 3907 615 3958 et
632 3905 737 3959 Plinius
761 3910 788 3959 et
807 3905 915 3958 Servius
937 3923 987 3974 per
1004 3903 1145 3975 Hyginum
1168 3908 1301 3974 quaedam
1324 3910 1390 3962 acci-

210 3995 316 4063 perent,
334 3991 434 4060 quibus
451 3991 613 4062 concinunt,
636 4009 687 4046 nee
704 4010 770 4046 vero
789 4009 822 4046 ea
839 3991 1002 4061 deprompta
1020 4009 1034 4046 e
1052 3992 1183 4046 Varronis
1202 3994 1294 4062 copiis,
1332 3994 1390 4060 Qua

211 4095 240 4132 re
257 4079 301 4133 vel
318 4079 371 4133 hac
393 4077 499 4131 ratione
522 4096 537 4132 e
555 4077 635 4132 Plinii
662 4077 802 4146 Serviique
825 4095 960 4131 consensu
982 4077 1015 4130 de
1033 4078 1157 4131 Varrone
1181 4084 1290 4133 auctore
1315 4080 1390 4146 quid·

212 4179 294 4230 quarn
315 4167 435 4220 statuere
458 4169 591 4218 vetamur.
627 4163 755 4218 Verrium
778 4167 874 4216 contra
895 4168 1006 4232 praeter
1027 4164 1204 4231 antiquitates
1228 4165 1283 4217 ullo
1307 4183 1388 4235 opere

211 4265 291 4300 usum
303 4267 372 4314 esse,
384 4268 439 4318 quo
451 4250 639 4304 contineretur
651 4249 858 4319 chorographia,
870 4247 1099 4303 Reitzensteinius
1117 4251 1134 4301 l.
1148 4250 1164 4301 l.
1178 4269 1204 4322 p.
1217 4251 1301 4321 535st
1314 4256 1388 4308 recte

211 4333 330 4404 negavit.
365 4333 423 4393 Nec
441 4335 621 4412 magisapud
637 4335 761 4392 Solinum
779 4335 883 4413 Hygini
901 4335 1017 4409 vestigia
1034 4335 1161 4404 reperies.
