3214 4942
691 331 905 393 -72-

292 522 380 598 Quae
402 520 480 586 item
506 517 706 585 Varroniano
729 537 803 584 esse
831 535 902 582 cum
929 516 1179 584 ratiocinatione
1210 536 1310 598 snpra
1332 537 1388 582 ex·

205 632 312 716 posita
335 634 490 713 probatur
518 637 586 697 tum
608 630 757 696 firmatur
779 649 799 696 a
821 627 934 694 Plinio.

294 742 372 809 Plio.
391 745 441 826 31,
458 747 508 807 Pl.
554 741 700 808 »θοαίναε
723 739 851 820 (tradit)
881 743 970 823 epod
996 763 1054 806 eos
1081 742 1117 807 iu
1137 734 1273 810 'Averno
1292 741 1389 807 etiem

198 857 291 942 solie
312 855 482 937 subsidere,
512 854 615 920 Varro
639 875 722 935 eves,
746 874 827 935 quoe
850 852 1078 936 adnotaverint,
1102 852 1260 930 emori.«¹)

292 967 442 1032 Breviter
465 985 503 1030 ea
527 965 787 1045 complectamur,
812 982 894 1043 qnae
917 963 1021 1030 adhuc
1044 963 1137 1029 nobis
1153 969 1388 1046 apparuerunt:

299 1081 326 1157 l)
350 1075 482 1144 Servius
506 1078 692 1158 plerumque
715 1075 747 1140 in
770 1073 822 1157 iis,
851 1093 933 1155 quae
961 1076 1000 1140 de
1022 1074 1118 1140 ltalia
1149 1074 1280 1142 scholiis
1303 1076 1390 1142 inse-

207 1189 284 1273 ruit,
311 1187 467 1255 Varronis
490 1185 635 1268 vestigia
657 1185 789 1268 pressit.

292 1304 324 1375 ί2)
348 1298 484 1381 Saepius
508 1297 558 1366 his
582 1296 662 1363 loeis
679 1295 844 1363 consentit
860 1317 931 1362 enm
948 1297 1050 1363 Plinio
1067 1302 1101 1362 et
1116 1297 1217 1364 Festo
1235 1299 1388 1366 Paulove.

293 1411 359 1476 lam
390 1429 466 1476 vero
495 1429 603 1475 eorum
632 1406 881 1488 meminerimus,
916 1428 999 1489 qnae
1023 1409 1299 1477 Reitzensteinius
1321 1431 1391 1476 ree·

207 1523 335 1590 tissime
363 1521 546 1603 disputavit
581 1521 620 1585 de
644 1518 790 1586 Varrone
812 1519 909 1586 Plinii
939 1525 973 1585 et
998 1519 1102 1586 Verrii
1129 1521 1161 1586 in
1190 1524 1286 1589 rebus
1315 1525 1391 1589 cho·

206 1633 408 1717 rographicis
432 1637 574 1698 auctore.
622 1632 682 1709 Qui
704 1632 725 1696 l.
741 1633 762 1696 l.
779 1652 809 1713 p.
826 1633 886 1696 536
910 1631 1022 1713 posuit
1043 1634 1138 1698 haec:
1297 1711 1300 1715 .

297 1747 371 1812 »De
391 1746 456 1831 scir
479 1745 612 1811 Plinius
645 1744 714 1810 eine
740 1743 958 1826 weitpelreode,
985 1744 1050 1829 sair
1077 1745 1207 1812 Verrius
1229 1747 1298 1812 ciue
1320 1770 1393 1814 eurs-

206 1858 416 1924 schlt'essliclae
431 1857 620 1940 Beoatauop
644 1859 699 1921 (ier
720 1856 926 1938 antiquitates
941 1857 1110 1939 weoipsteu
1126 1858 1392 1925 wahrselceioliclu

207 1971 257 2053 ist,
281 1993 315 2036 so
331 1971 433 2034 tabeo
456 1968 527 2051 wir,
550 1990 641 2034 werra
657 1968 724 2033 sicit
740 1967 810 2033 eine
826 1967 935 2032 beiden
948 1968 1160 2051 pemeioseme
1174 1969 1281 2052 Quelle
1295 1972 1391 2036 oech-

207 2083 323 2148 weiseu
357 2081 444 2163 Ilissi,
479 2080 532 2146 cio
562 2081 669 2161 Reate,
705 2082 765 2146 cles
796 2086 957 2162 peccante
985 2079 1081 2146 Wcrlc
1115 2080 1165 2146 als
1187 2081 1320 2148 dieselbe
1351 2104 1393 2149 να

210 2191 445 2270 bracciacus&

295 2304 376 2382 Quid
400 2305 501 2370 vernt>
531 2301 677 2368 Servium
692 2306 866 2384 postquam
884 2301 1105 2368 varronianae
1128 2303 1294 2371 doetrinae
1317 2307 1392 2372 cho-

209 2414 423 2498 rographicae
446 2434 510 2480 non
532 2415 638 2479 minus
666 2417 739 2478 arte
762 2433 857 2493 quam
881 2413 1018 2480 Plinium
1042 2414 1253 2497 Verriumque
1277 2437 1312 2484 se
1335 2419 1392 2483 ad·

209 2527 351 2609 plicasse
374 2526 558 2607 optimeque
580 2525 665 2591 haud
682 2523 795 2606 paucis
812 2525 892 2591 locis
909 2544 1088 2607 congruere
1104 2546 1174 2593 cum
1190 2527 1256 2594 illis
1272 2548 1392 2612 cogno·

208 2639 324 2721 vimus,
353 2658 427 2704 num
456 2636 611 2704 arrdacins
640 2655 740 2718 agere
773 2635 928 2720 videmur,
964 2637 992 2702 si
1015 2636 1109 2720 idem,
1133 2640 1217 2719 quod
1242 2639 1392 2706 Reitzen-

210 2749 348 2816 steinius
372 2751 412 2815 de
425 2749 538 2815 Verrio
563 2768 601 2814 ac
617 2747 721 2813 Plinio
742 2746 835 2813 nobis
852 2748 1028 2831 persuasit,
1051 2748 1085 2814 in
1101 2750 1248 2817 Servium
1264 2772 1404 2834 quoque-

210 2863 325 2927 cadere
355 2860 553 2927 statuimur
586 2859 727 2942 Minime,
762 2859 871 2924 credo:
906 2859 1001 2926 immo
1030 2859 1127 2926 aliter
1157 2861 1210 2927 vix
1233 2863 1391 2945 explicari

209 2973 333 3055 poterit
356 2991 533 3038 consensus
557 2971 644 3036 inter
661 2970 849 3052 Varronem,
878 2969 1035 3053 Servium,
1058 2971 1206 3056 Plinium,
1232 2973 1389 3042 Verrium.

296 3085 363 3150 Hac
390 3089 497 3149 antem
528 3083 694 3148 sententia
721 3085 860 3164 probata
882 3069 976 3148 'duas
1010 3102 1064 3149 res
1092 3085 1263 3153 lucramur.
1310 3085 1391 3154 Nam

209 3197 346 3280 primum
374 3193 501 3278 quidem
531 3213 569 3258 ea
598 3193 758 3277 quaestio,
793 3213 888 3277 qnam
917 3213 1015 3276 supra
1038 3199 1082 3278 (p.
1101 3198 1154 3275 tl)
1177 3198 1391 3283 reposuimus

209 3387 237 3439 id
259 3385 312 3437 hoe
336 3383 417 3436 modo
440 3381 646 3450 explicaverim:
676 3381 746 3433 dixit
769 3381 814 3434 ille
838 3381 871 3434 de
894 3382 991 3435 Italiae
1014 3383 1080 3436 loeis
1103 3385 1259 3440 mortiferis
1295 3388 1393 3455 Itaque

209 3477 283 3526 certe
301 3470 376 3539 prius
395 3468 530 3537 exposuit,
549 3484 618 3533 quae
637 3472 709 3520 esset
726 3473 825 3520 natura
844 3468 966 3520 omnium
979 3469 1077 3521 harum
1095 3471 1247 3540 regionum,
1265 3477 1325 3526 tum
1343 3475 1394 3526 sin·

209 3559 286 3626 gulos
308 3557 381 3608 locos
405 3554 583 3607 enumeravit.
621 3553 729 3606 Servius
753 3559 845 3607 autem
868 3555 925 3606 sive
949 3555 980 3618 is,
1007 3557 1054 3622 qui
1078 3556 1171 3610 Servio
1193 3558 1393 3613 Varronianam

208 3643 368 3698 memoriam
387 3639 586 3709 suppeditavit,
605 3639 743 3692 adunam
763 3658 898 3708 quemque
917 3641 1008 3693 locum
1027 3660 1059 3695 ea
1077 3643 1234 3711 exscripsit,
1258 3662 1327 3712 quae
1345 3645 1392 3701 ille

210 3732 243 3784 de
262 3731 387 3784 omnibus
406 3728 591 3797 praemiserat.

301 3817 322 3883 Ι)
343 3815 382 3867 Cf.
402 3815 607 3884 Strabonem
629 3815 665 3883 (p.
679 3816 737 3880 336,
761 3813 898 3883 cMein.).
931 3814 1150 3887 »προσεμύθενον
1173 3813 1232 3868 r’ot
1255 3816 1393 3889 ἐπιχώριοι

210 3907 253 3956 καὶ
277 3899 335 3962 τούς
357 3901 454 3974 ὄρνεις
470 3900 528 3961 τούς
550 3900 698 3975 ὑπερπετεῖς
721 3907 881 3971 γινομένους
905 3911 1076 3954 καταπίπτειν
1102 3905 1139 3961 εἰς
1166 3900 1192 3953 τό
1219 3898 1291 3973 ὕδωρ
1316 3910 1394 3973 φθει-

210 3996 337 4063 ρομένους
356 3987 403 4040 uiuri
423 3992 474 4039 τῶν
495 3986 709 4061 ἀναφερομένων
727 3984 821 4059 αἐρων,
840 3987 965 4060 καθάπερ
984 3989 1013 4041 ἐν
1032 3993 1082 4048 τοῖς
1101 3990 1303 4048 momentorum<

297 4077 321 4143 ⁴²)
341 4077 400 4128 Iam
418 4076 494 4143 prelo
516 4076 633 4128 traditus
658 4079 716 4126 erat
739 4074 784 4126 hie
808 4074 929 4140 libellus,
955 4091 1016 4126 cum
1040 4075 1068 4126 in
1092 4073 1246 4126 Schwederi
1270 4074 1395 4128 disserta·

209 4163 311 4214 tionem
335 4162 369 4214 de
392 4161 481 4213 Plinio
505 4179 536 4213 ac
560 4162 631 4214 Mela
654 4160 798 4229 (Philolog.
817 4164 882 4212 tom.
900 4162 947 4227 46,
972 4179 997 4228 p.
1012 4161 1062 4212 276
1080 4161 1150 4228 sqq.)
1168 4159 1260 4212 incidi.
1296 4161 1395 4228 Itaque

210 4266 273 4299 cum
291 4247 415 4316 pluribus
435 4247 468 4299 cle
487 4247 534 4299 illa
552 4248 643 4300 dicere
662 4264 717 4299 non
735 4246 825 4312 liceat,
844 4246 896 4299 hoe
914 4247 974 4298 loco
988 4247 1084 4298 saltem
1097 4245 1168 4298 addo
1180 4245 1270 4297 virum
1283 4246 1395 4300 doctum

210 4333 278 4386 mihi
296 4351 351 4386 non
369 4334 508 4402 probasse,
527 4351 596 4401 quae
616 4338 711 4386 contra
729 4331 937 4387 Reitzensteinii
956 4333 1121 4387 seutentiam
1139 4331 1297 4402 disputavit.
