3214 4942
710 324 919 386 ..1ss-

228 513 311 596 Vlll,
325 515 397 578 288.
433 513 480 579 Cf.
499 513 642 578 Macrob.
658 510 711 594 ΙΙΙ,
729 513 758 589 o,
773 513 823 575 17.
880 509 1000 588 Quodsi
1023 511 1155 578 Servius
1178 512 1230 596 ΙΙΙ,
1243 515 1304 578 407
1329 511 1408 577 dicit

226 626 369 692 Saturno
387 630 500 706 aperto
519 623 627 705 capite
640 621 826 704 sacrificari,
847 623 1058 688 »aeruminis
1069 623 1207 689 imitatio
1219 624 1409 691 esseoidcra

225 744 308 819 tar«,
326 755 398 801 eam
418 735 545 816 quidem
562 734 721 800 rationem
740 732 841 799 ceteri
857 732 1013 799 Varronis
1029 733 1256 816 compilatores
1272 736 1314 800 ad
1329 734 1409 800 Her-

228 848 310 914 culis
327 866 454 914 sacrum
470 852 635 913 revocant.
660 847 709 912 De
723 843 855 911 Saturni
872 844 1030 912 sacrificio
1047 845 1146 910 aliam
1162 865 1292 912 causam
1310 846 1409 911 edunt

229 960 441 1042 eandemque,
476 978 569 1040 quam
599 959 639 1023 de
668 957 806 1023 Hercule
836 975 960 1037 quoque
989 956 1080 1022 illum
1106 958 1282 1024 adnotasse
1309 956 1409 1023 inter·

225 1073 359 1154 polator
373 1070 478 1137 Servii
489 1069 672 1142 testatur.¹)
696 1068 743 1136 of.
754 1067 844 1134 Fest.
857 1067 877 1132 l.
888 1068 920 1151 l.,
934 1067 1020 1134 Plut.
1032 1088 1061 1149 q.
1069 1069 1104 1134 R.
1115 1073 1163 1152 ll,
1176 1069 1306 1151 Macri,
1315 1067 1408 1151 8,‘l.²)

227 1183 290 1249 Sed
314 1202 355 1248 ne
380 1181 527 1249 Servium
551 1181 737 1247 contudisse
760 1179 943 1262 credamus,
974 1199 1056 1261 quae
1079 1181 1119 1245 de
1141 1179 1289 1247 Herculis
1312 1185 1354 1252 et
1369 1181 1408 1246 de

228 1294 364 1360 Saturni
388 1313 481 1359 sacro
505 1293 676 1370 invenerat
700 1292 786 1374 apud
810 1291 996 1374 Varronem,
1026 1311 1063 1358 eo
1091 1291 1295 1376 impedimur,
1324 1292 1408 1373 quod

226 1427 262 1472 re
285 1425 366 1473 vera
384 1405 557 1472 Saturnum
581 1423 706 1486 quoque
730 1402 883 1469 obvoluto
906 1402 1014 1485 capite
1037 1407 1167 1470 veteres
1189 1403 1323 1470 finxisse
1347 1403 1408 1469 sci-

225 1537 305 1584 mus.
330 1516 378 1583 df.
395 1517 529 1599 Eclrhel,
546 1515 694 1582 doctrina
709 1534 910 1580 nummorum
925 1514 991 1597 Vll,
1005 1517 1076 1580 381.
1102 1515 1171 1593 Qua
1183 1534 1218 1581 re
1234 1515 1276 1580 ad
1287 1514 1408 1582 utrius·

226 1648 288 1711 que
312 1628 363 1694 dei
388 1647 517 1695 sacrum
539 1632 710 1708 utramque
734 1646 865 1692 causam
889 1626 1068 1692 Varronem
1091 1626 1262 1694 rettulisse
1285 1645 1407 1692 eorum-

226 1759 302 1824 que,
334 1739 388 1821 qui
412 1739 481 1805 eius
504 1739 605 1805 libros
629 1738 856 1821 compilarunt,
880 1737 978 1804 alium
1002 1738 1089 1804 aliud
1112 1737 1316 1821 excerpsisse
1338 1737 1408 1806 veri

229 1851 366 1918 similius
390 1856 451 1917 est.

312 1963 431 2040 Quodsi
461 1961 663 2045 quaerimus,
692 1982 753 2042 quo
777 1981 818 2027 ex
841 1980 938 2044 opere
962 1959 1119 2028 Varronis
1143 1963 1224 2028 haec
1247 1961 1408 2028 arcessita

227 2074 309 2157 sint,
343 2074 486 2140 fabulam
514 2074 553 2138 de
582 2073 735 2139 Diomede
763 2078 862 2153 atque
892 2073 1001 2138 Aenea
1028 2071 1062 2138 in
1090 2073 1173 2139 libro
1208 2075 1247 2138 de
1275 2071 1407 2138 familiis

227 2184 376 2252 Troianis
405 2189 572 2250 narratam
601 2184 704 2251 fuisse
733 2183 865 2250 Servius
895 2184 937 2248 ad
965 2184 1180 2266 Aen.V,704
1203 2188 1407 2251 auctorest:

230 2297 317 2381 »ipse
339 2294 490 2374 (Nautes)
508 2298 646 2362 Roriam
671 2296 863 2383 Palladiam
886 2297 1012 2363 detulit:
1033 2299 1117 2362 arde
1139 2297 1335 2363 Nautiorum
1351 2296 1407 2380 fa·

225 2409 321 2475 milia
343 2409 518 2474 Minervae
539 2429 635 2473 sacra
656 2409 827 2475 retinebat:
853 2411 937 2491 qaod
958 2408 1054 2474 etiarn
1081 2409 1184 2474 Varro
1207 2411 1292 2475 docet
1312 2410 1349 2475 ia
1372 2409 1408 2475 ii·

227 2521 302 2604 dris,
326 2543 402 2603 qnos
425 2522 463 2585 dc
478 2519 627 2603 familiis
653 2520 809 2587 Troianis
830 2521 985 2604 scripsit«

313 2632 361 2697 De
384 2630 451 2696 ritu
474 2630 593 2712 capitis
617 2629 650 2695 in
679 2631 837 2698 sacrificio
861 2631 1001 2714 velandi,
1025 2651 1116 2712 quem
1139 2629 1274 2696 strinxit
1295 2631 1328 2697 in
1351 2631 1406 2698 illo

226 2742 326 2825 libro,
354 2742 500 2824 pluribus
529 2748 618 2808 certe
648 2743 730 2809 dixit
763 2744 796 2808 in
824 2743 1055 2824 antiquitatum
1089 2762 1195 2809 rerum
1227 2742 1407 2810 divinarum

226 2855 309 2920 libro
332 2852 408 2919 ΙΙΙΙΙ
432 2854 484 2929 (de
508 2854 611 2920 sacris
634 2854 796 2936 publicis).

313 2964 489 3031 Occasione
514 2966 593 3030 data
616 2966 656 3030 de
679 2965 803 3032 duobus
833 2967 907 3033 aliis
932 2966 1036 3034 Servii
1063 2966 1143 3034 locis
1171 2987 1276 3048 pauca
1304 2968 1410 3034 dicere

226 3173 383 3232 concentus,
403 3167 568 3220 dissentiunt
586 3168 638 3220 viri
658 3169 739 3221 docti.
776 3169 849 3221 lllud
867 3169 965 3221 Linkio
987 3170 1004 3221 Ι.
1022 3170 1038 3222 Ι.
1058 3189 1083 3238 p.
1098 3170 1131 3221 18
1149 3174 1176 3222 et
1195 3169 1345 3223 Wissowae
1365 3171 1409 3238 (de

226 3255 411 3307 Saturnalium
434 3253 564 3306 fontibus.
601 3254 746 3307 Vratislav.
772 3255 846 3308 1880.
871 3274 897 3324 p.
911 3255 964 3323 55),
987 3255 1038 3308 hoc
1062 3255 1171 3308 Thiloni
1197 3256 1309 3324 placuit,
1333 3256 1409 3308 cuius

225 3340 326 3392 iudicio
349 3339 472 3391 Klotzius
496 3356 604 3406 quoqne
628 3341 763 3393 calculum
787 3340 893 3393 adiecit.
932 3341 971 3393 Cf.
995 3341 1088 3408 Thilo,
1112 3346 1215 3408 quaest.
1238 3341 1312 3396 Seru.
1348 3342 1408 3394 Hal.

227 3426 301 3477 1867.
325 3443 351 3493 p.
371 3427 414 3487 163
443 3426 564 3493 prolegg.
588 3426 623 3478 ad
648 3426 772 3478 Servium
796 3446 822 3495 p.
840 3426 924 3479 XXV.
968 3426 1193 3495 Halfpap-KlotZ,
1221 3433 1325 3493 quaest.
1353 3428 1410 3480 Ser-

225 3511 329 3562 uianae.
368 3510 652 3578 Gryphiswald.1882.
672 3514 725 3580 p.4
742 3530 781 3579 sq.
810 3512 878 3564 Mihi
897 3511 1019 3564 Thilonis
1039 3517 1066 3565 et
1078 3514 1180 3566 Klotzii
1199 3514 1335 3567 sententia
1353 3531 1410 3582 pro-

225 3596 344 3647 babilior
365 3596 486 3663 videtur,
510 3599 638 3664 quoniam
662 3598 800 3650 nonnullis
819 3598 930 3664 quidem
951 3598 1030 3658 locis,
1054 3600 1102 3651 uhi
1124 3601 1203 3667 plura
1224 3600 1309 3653 habet
1330 3601 1410 3652 inter-

225 3683 333 3749 polator
351 3699 433 3749 quarn
452 3683 619 3748 Macrobius,
647 3683 725 3735 illum
748 3701 803 3735 non
821 3683 906 3751 hunc,
930 3684 977 3736 scd
996 3703 1169 3738 communem
1188 3686 1293 3738 fontem
1312 3686 1410 3738 adiisse

226 3767 402 3820 manifestum
421 3773 469 3820 est.
501 3769 578 3834 Quod
596 3769 624 3821 in
642 3770 715 3821 hunc
734 3787 842 3836 quoque
861 3771 951 3822 locum
970 3771 1051 3838 cadit,
1070 3771 1103 3823 de
1123 3789 1176 3838 quo
1195 3772 1307 3839 agimus.
1341 3771 1410 3824 Nam

226 3853 299 3921 apud
318 3853 488 3906 Macrobiurn
507 3855 575 3906 nihil
594 3855 695 3922 legitur
713 3855 746 3907 de
765 3856 832 3907 Iano
850 3860 878 3908 et
896 3857 1034 3925 Euandro,
1053 3874 1169 3924 quorum
1187 3858 1355 3910 mentionem
1373 3856 1410 3908 in·

226 3939 291 3991 tulit
308 3939 495 4008 interpolator.
533 3941 571 3992 Cf.
592 3941 681 3992 Klotz.
702 3941 717 3993 l.
734 3941 750 3993 Ι.
770 3960 795 4010 p.
809 3943 850 3992 24.

316 4045 338 4111 ¹)
358 4042 419 4096 Scil.
439 4043 512 4110 quod
531 4049 594 4097 ante
614 4044 722 4096 Aeneae
742 4045 891 4098 adventum
911 4046 1060 4099 constituta
1078 4051 1149 4098 esset
1168 4046 1211 4098 dei
1231 4064 1285 4100 ara.

316 4137 339 4204 ²)
359 4136 433 4189 Haec
457 4138 529 4190 enim
553 4138 685 4191 Macrobii
708 4143 821 4207 propter
844 4157 1006 4192 consensum
1030 4158 1092 4192 cum
1110 4140 1258 4192 Plutarcho
1281 4146 1309 4193 et
1330 4141 1411 4194 Festo

226 4222 398 4276 Varroniano
414 4223 537 4292 putanda
559 4229 635 4292 sunt,
657 4225 821 4293 praesertim
845 4242 907 4277 cum
929 4227 1011 4294 paulo
1035 4231 1098 4278 ante
1121 4225 1299 4293 antiquitates
1323 4227 1411 4280 aMa-

230 4308 323 4360 crobio
340 4308 494 4362 laudentur.
