3214 4942
685 343 898 404 ,14-

202 533 363 616 πρόσιολεν
387 530 571 614 ἐρχόμενον,
597 529 657 590 εἴτε
680 526 840 593 Ὀδυσσέα,
872 529 923 588 ὅτε
947 551 989 608 τῳ
1013 531 1081 610 περὶ
1106 531 1155 589 τὸν
1172 525 1293 610 Ἄορνον
1315 551 1385 609 μαν·

202 649 274 726 τείῳ
294 645 430 728 χρῆσθαι
453 639 592 723 ἔμελλεν,
617 640 679 701 εἴτε
702 641 864 723 Διομήδην,
893 642 977 722 ῆνίκα
1001 639 1106 721 „lotae
1131 639 1291 722 σύμμαχος
1320 640 1386 720 ἀφί-

201 777 286 818 κετο·
316 755 486 838 ἀχθόμενον
515 753 549 812 δὲ
574 756 615 832 τῷ
640 752 845 833 σομκορήματι
873 754 922 811 καλ
951 754 1094 832 πολεμίαν
1122 751 1189 834 ridor
1217 747 1265 831 ἐφ’
1293 753 1387 832 ἱεροῖς

202 875 349 951 φανεῖσαν
377 865 420 930 ὡς
447 865 576 946 πονηρὸν
603 865 709 924 οἰωνὸν
743 864 978 944 ἀφοσιώσασθαι
1005 864 1192 944 βουλόμενον
1221 861 1386 945 ἐγκαλύψα-

156 963 160 972 ’
202 982 278 1041 aaa!
297 1001 329 1038 τε
352 979 402 1036 καὶ
425 981 658 1058 στραφῆναι“
682 979 746 1055 etq.
766 994 791 1040 s
836 973 880 1040 lbi
905 973 988 1040 enim
1013 973 1223 1040 convertendi
1245 973 1342 1038 ritum
1366 993 1385 1038 a

203 1088 358 1173 Dionysio
394 1086 570 1168 significari
602 1106 690 1176 voce·
715 1091 886 1169 στραφῆναι
918 1106 958 1151 ex
990 1085 1094 1168 ipsius
1127 1083 1236 1150 verbis
1270 1086 1385 1166 elucet,

203 1221 284 1285 quae
307 1199 424 1265 ibidem
447 1198 600 1279 leguntur
622 1197 654 1263 in
667 1198 873 1280 paragrapho
897 1197 1053 1263 vicesima
1068 1196 1179 1262 tertia.
1271 1249 1274 1256 .

288 1313 460 1391 ,,ἑπι1μενο,·
487 1310 522 1390 δὴ
557 1316 619 1375 τοῖς
646 1316 800 1391 πατρικοῖς
831 1312 847 1368 ὁ
879 1309 1026 1390 Κάμιλλος
1060 1311 1175 1391 νόμοις,
1205 1308 1306 1389 ἐπειδὴ
1335 1309 1386 1390 τῆν

203 1428 294 1512 εὐμῆν
318 1426 479 1507 ἐποιήσατο
501 1423 550 1480 καλ
573 1422 650 1480 κατὰ
675 1427 726 1503 τῆς
740 1423 876 1502 κεφαλῆς
899 1423 1017 1480 εἵλκυσε
1034 1423 1067 1480 τὺ
1089 1422 1214 1502 ἱμάτιον,
1239 1419 1385 1498 ἐβούλετο

201 1532 258 1613 μὲν
282 1538 517 1614 στραφῆναιί*
542 1535 606 1612 etq.
632 1552 658 1598 s.
684 1531 763 1598 vUbi
786 1533 827 1597 ad
851 1532 984 1597 eandem
1006 1551 1074 1597 rem
1097 1531 1272 1614 Dionysius
1296 1551 1386 1613 spec-

204 1647 255 1709 tat
278 1647 377 1724 atque
399 1643 513 1708 Livius
536 1643 557 1708 l.
580 1643 600 1708 l.
625 1648 659 1708 et
687 1643 883 1709 Plutarchus
906 1643 1043 1724 (Camill.
1062 1644 1133 1726 tl'),
1164 1643 1232 1710 scil.
1256 1642 1289 1708 iu
1312 1663 1387 1708 con·

202 1756 358 1820 vertendo
381 1755 508 1836 lapsum
525 1775 596 1821 esse
612 1755 790 1821 Camillum.
825 1756 1001 1838 Dionysius
1024 1754 1125 1837 igitur
1142 1755 1265 1821 Graece
1286 1755 1386 1820 inter·

203 1870 350 1948 pretatus
373 1872 426 1932 est
460 1873 632 1949 στραφῆναι
660 1867 812 1932 Latinam
839 1887 951 1934 vocem
984 1875 1203 1933 »convalere«.
1256 1867 1385 1945 Quare

203 1978 306 2044 altero
331 1997 456 2059 quoque
478 1978 548 2044 loco
572 1998 660 2061 eum,
684 1997 753 2044 cum
780 1979 911 2060 scripsit
940 1985 1111 2062 στραφῆναι
1135 1980 1291 2061 Aeneam,
1315 1997 1385 2042 oon-

203 2089 345 2156 vertisse
369 2108 404 2156 se
426 2089 515 2155 illum
538 2089 572 2154 in
595 2090 685 2155 fonte
703 2110 760 2156 suo
785 2090 906 2171 legisse
930 2090 1013 2156 satis
1037 2091 1290 2157 demonstratur.

288 2200 323 2266 ln
353 2200 472 2266 ceteris
501 2200 647 2267 omuibus
676 2221 745 2267 cum
775 2201 985 2267 consentiant
1012 2203 1144 2269 Servius
1173 2202 1205 2279 (i.
1223 2220 1250 2266 e.
1268 2200 1384 2270 Varrol

205 2317 239 2377 et
262 2311 447 2394 Dionysius,
483 2331 521 2377 ea
548 2333 613 2378 uua
641 2333 677 2378 re
705 2313 902 2394 discrepant,
936 2313 1020 2394 quod
1051 2313 1103 2378 hic
1133 2313 1237 2379 Ulixis
1271 2331 1385 2379 nomeu

203 2423 332 2490 adiecit.
389 2425 436 2488 Ac
459 2423 554 2488 facile
583 2424 655 2504 quis
685 2423 825 2490 coniciet
852 2444 916 2490 non
943 2423 1007 2490 iam
1035 2425 1141 2508 sequi,
1176 2430 1213 2491 nt
1247 2444 1287 2489 ex
1321 2424 1385 2489 alio

204 2535 295 2601 fonte
318 2541 416 2616 atque
440 2554 457 2600 e
476 2535 621 2601 Varrone
639 2536 815 2619 Dionysius
839 2557 899 2603 sua
923 2536 1098 2619 sumpserit
1120 2542 1177 2603 aut
1200 2537 1233 2601 id
1256 2535 1386 2601 aliunde

205 2646 344 2729 petitum
367 2647 530 2712 addiderit
548 2647 769 2730 Varronianis,
794 2668 865 2714 cum
881 2649 950 2714 veri
966 2648 1069 2714 simile
1086 2647 1130 2714 sit
1145 2647 1245 2730 illum,
1266 2656 1303 2713 ut
1318 2646 1386 2712 fere

205 2777 342 2841 semper,
366 2778 429 2823 non
453 2779 515 2824 nuo
538 2760 631 2825 modo
655 2780 722 2825 rem
744 2779 909 2826 narrasse.
944 2760 1063 2826 'lamen
1086 2761 1147 2825 hac
1163 2759 1195 2824 in
1211 2779 1247 2824 re
1264 2779 1386 2826 summa

206 2890 287 2952 opus
312 2875 364 2935 est
384 2869 545 2952 cautione,
570 2890 644 2937 uam
661 2877 750 2937 certe
767 2871 949 2952 ecquidem
967 2871 1022 2937 via
1037 2870 1154 2954 omnia,
1179 2889 1387 2952 quaecunque

205 2981 380 3047 traduntur
403 2980 441 3045 de
465 2981 679 3049 Romanorum
703 2986 811 3065 rebus
835 2983 877 3048 ad
901 2983 1077 3049 Varronem
1101 2982 1216 3048 referri
1239 2980 1387 3064 possunt,

206 3091 354 3173 quamvis
378 3091 578 3157 dissentiant
602 3096 642 3158 ab
666 3094 735 3160 eius
761 3093 926 3160 sententia
949 3094 1028 3159 alibi
1045 3098 1186 3160 servata.
1223 3094 1390 3160 Eiusmodi

205 3208 314 3269 autem
343 3202 513 3270 temeritas
550 3224 621 3270 cum
649 3205 787 3270 maxime
815 3205 952 3272 vitanda
983 3205 1027 3272 sit
1061 3205 1094 3271 in
1121 3205 1273 3272 eruendis
1300 3205 1387 3273 illius

204 3314 414 3399 fragmentis,
442 3336 482 3381 ne
505 3315 637 3382 nimium
662 3319 831 3398 probaturi
854 3317 935 3382 nihil
958 3319 1141 3399 probemus,
1169 3322 1236 3384 tum
1261 3321 1386 3385 demum

205 3427 331 3492 Ulixem
347 3447 473 3508 qnoque
496 3433 628 3510 praeter
644 3428 831 3494 Diomedem
856 3433 1137 3495 commemoratum
1154 3428 1257 3496 fuisse
1274 3429 1388 3495 aVar-

204 3557 282 3603 rone
310 3559 504 3604 asseverare
532 3539 659 3622 licebit,
694 3560 764 3607 cum
792 3540 877 3605 idem
908 3559 947 3604 ex
970 3539 1034 3605 alio
1063 3541 1201 3622 quodam
1230 3541 1388 3623 scriptore

205 3649 420 3733 attulerimus,
445 3671 465 3716 a
488 3671 549 3732 quo
572 3651 663 3717 illum
688 3653 818 3733 saepius
843 3650 981 3733 expilari
1004 3657 1145 3717 constat.

294 3761 338 3826 Et
361 3762 502 3828 feliciter
525 3762 653 3846 accidit,
677 3769 714 3828 ut
736 3763 816 3828 illud
832 3763 918 3845 apud
934 3763 1069 3828 Festum
1085 3763 1271 3829 inveniatur
1287 3783 1387 3844 eoque

204 3872 285 3956 loco,
310 3872 364 3954 qui
388 3874 623 3940 Varroniannm
647 3874 786 3940 colorem
808 3875 990 3940 luculenter
1012 3874 1144 3940 referat.

293 3983 317 4048 F
320 3990 381 4050 est.
399 4006 428 4067 p.
444 3988 542 4068 3221),
560 3987 600 4050 30
610 3987 643 4062 2').
683 3986 754 4051 »oti
772 3985 815 4062 (io
833 3986 916 4053 clivo
932 3985 1128 4068 Capitolino)
1146 4007 1208 4051 aro
1231 3987 1341 4052 dicata
1356 3987 1385 4052 ei

295 4165 317 4232 ¹)
335 4161 421 4231 „rrcrir'
443 4161 533 4230 εἰιιαλν,
555 4162 681 4235 καθάπερ
700 4165 750 4216 ἕσιὶ
768 4160 907 4234 Ῥωμαίοις
925 4168 988 4223 ἔθος
1006 4166 1194 4234 ἐπευξαμένοις
1216 4167 1261 4216 καὶ
1279 4183 1388 4236 προσκν-

207 4248 320 4313 νῆσιισιν
338 4251 379 4301 ἐπὶ
399 4247 473 4310 dtas?
493 4251 636 4317 ἐξελίττειν,
656 4249 758 4319 ἐσφάλη
777 4250 1108 4323 αεοισιριιφόμινας,“

294 4336 318 4402 ²)
337 4334 461 4387 Priorem
480 4337 537 4387 eius
557 4336 609 4386 loci
628 4341 735 4402 partem
754 4353 836 4403 supra
856 4338 891 4404 (p.
906 4339 932 4404 6)
952 4337 1090 4403 exscripsi.
