3214 4942
778 1197 880 1278 VII.

333 1380 463 1447 Servius
480 1383 521 1446 ad
537 1380 766 1464 Aen.1V‚167.
800 1383 926 1447 »Varro
949 1381 1042 1448 dicit:
1065 1404 1152 1464 nono
1175 1389 1203 1447 et
1223 1382 1295 1464 ipni
1317 1381 1427 1446 mariti

246 1515 357 1558 decores
380 1493 578 1575 ocnpiebont
587 1493 609 1572 ¹)
617 1516 627 1558 .·
648 1496 732 1559 node
755 1493 906 1577 hodieque
928 1501 956 1559 et
972 1493 1066 1577 foces
1082 1493 1270 1576 praelucent
1291 1500 1320 1558 et
1341 1514 1428 1574 oqiio

241 1604 344 1686 petito
366 1605 404 1668 de
420 1626 505 1686 poro
522 1604 614 1688 fonte
637 1603 712 1686 [per
728 1605 957 1689 felicissimum
972 1627 1111 1687 puerone
1135 1605 1273 1686 oliqnern
1297 1611 1353 1669 ont
1371 1627 1428 1685 pn·

247 1713 359 1797 etiarn]
371 1715 498 1781 interest
512 1717 644 1799 ineptiis,
654 1714 709 1797 [de
725 1737 789 1798 qno
804 1716 992 1782 nubentibus
1007 1717 1149 1781 solebant
1157 1717 1255 1796 pedes
1268 1713 1423 1797 diaconib<

332 1825 471 1892 Strinxit
489 1826 592 1891 Varro
616 1827 700 1892 hunc
722 1825 821 1892 ritum
845 1825 878 1892 in
900 1825 981 1892 libro
1006 1827 1045 1891 de
1068 1825 1303 1908 l.L.,nbe1·ius
1327 1827 1365 1890 de
1389 1846 1427 1891 eo

248 1934 330 2000 dixit
353 1935 385 2001 iu
408 1936 490 2003 libro
514 1937 553 2002 de
576 1956 605 2002 v.
625 1937 760 2018 61111.

336 2047 581 2130 6611661.
614 2048 732 2114 »Omne
754 2070 876 2131 corpas,
899 2049 954 2114 oet
978 2049 1098 2114 nimios
1122 2051 1221 2115 ardor
1236 2057 1292 2114 ont
1307 2050 1427 2132 bancor,

248 2167 305 2224 ont
325 2160 442 2242 interit,
466 2167 523 2224 out
543 2160 572 2224 si
594 2166 709 2242 monet,
739 2160 851 2226 sterile.
866 2195 903 2203 -
929 2196 970 2204 -
993 2197 1034 2203 —
1062 2161 1169 2244 Ipitcr
1191 2161 1308 2242 duplex
1330 2183 1429 2226 conso

246 2270 400 2335 66666661
422 2271 510 2353 ipnis
532 2279 561 2336 et
583 2293 678 2353 nono.
725 2271 801 2335 Ideo
824 2292 862 2335 eo
884 2271 1007 2354 nuptiis
1033 2273 1070 2336 in
1094 2272 1204 2336 limine
1227 2271 1428 2354 adhibentur,

247 2383 331 2464 qnod
352 2382 555 2464 eootonpnor
570 2382 631 2464 bic,
655 2389 683 2446 et
696 2403 767 2446 nos
782 2382 879 2464 ipnis,
892 2385 977 2464 qnod
990 2383 1037 2447 ibi
1052 2405 1165 2465 seneen,
1191 2404 1278 2463 opero
1287 2383 1428 2467 festino,

247 2494 332 2574 qnod
346 2493 435 2576 fetos
458 2495 497 2558 ob
521 2493 588 2558 6166
611 2492 796 2566 1116661661)
842 2491 1242 2575 616666661166.

249 2599 253 2614 ’
335 2601 414 2669 Ν66.
431 2624 461 2684 p.
481 2607 552 2684 11⁴2,
568 2605 617 2668 23.
648 2629 660 2660 »
671 2605 773 2669 Vorro
790 2605 827 2669 de
841 2605 909 2669 cito
919 2628 954 2687 p.
969 2606 1009 2670 R.
1024 2605 1083 2669 II:
1105 2626 1171 2669 cirin
1191 2627 1212 2669 o
1227 2627 1311 2670 nooo
1326 2613 1430 2688 nupto

247 2715 336 2799 ipnis
357 2716 394 2781 in
409 2716 488 2800 foce
511 2715 691 2800 adferretnr
713 2738 728 2781 e
743 2717 819 2800 foco
842 2717 910 2782 eins
932 2724 1084 2798 srsrnptos,
1109 2738 1178 2782 6661
1199 2717 1267 2800 foc
1282 2738 1319 2781 ec
1333 2716 1431 2798 spina

339 2902 361 2969 ¹)
387 2901 572 2954 Rossbachius
600 2902 858 2970 (Untersuchungen
885 2903 954 2954 iiber
981 2901 1006 2954 d.
1030 2904 1097 2954 rdnr.
1117 2902 1185 2956 Ehe.
1231 2903 1331 2970 Stuttg.
1355 2904 1430 2956 1853.

248 3007 273 3057 p.
294 2988 353 3055 115)
372 3005 427 3040 666
445 2987 498 3039 uisi
515 2988 600 3040 verba
620 3005 707 3056 »nono
722 3019 755 3026 —
769 2988 950 3056 accipiebant«
971 2987 1111 3056 Varronis,
1131 2994 1221 3041 cetera
1239 2989 1324 3056 ipsius
1344 2987 1432 3041 Servii

249 3091 306 3126 esse
326 3073 478 3140 contendit,
507 3073 582 3125 cuius
606 3073 640 3125 ad
659 3079 777 3127 aetatem
799 3075 950 3142 pertineret
973 3073 1040 3125 illud
1066 3072 1185 3142 »bodie«,
1212 3075 1333 3140 itemque
1352 3073 1433 3127 Thilo

249 3159 379 3228 (prolegg.
393 3159 428 3211 ad
441 3159 514 3212 Serv.
527 3178 552 3228 p.
565 3159 676 3224 LXXII,
696 3161 721 3227 1)
733 3177 809 3212 suam
820 3164 937 3212 aetatem
951 3159 1074 3211 Servium
1086 3160 1125 3213 ibi
1135 3161 1270 3228 respicere
1284 3161 1432 3213 arbitratus

249 3249 297 3298 est.
335 3244 387 3297 Sed
406 3263 439 3297 ex
458 3263 502 3313 6ο,
531 3247 615 3313 quod,
644 3263 705 3298 cum
724 3246 753 3296 in
771 3246 883 3299 exordio
902 3245 998 3298 scholii
1017 3251 1106 3300 exstet
1124 3247 1305 3314 praeteritum
1323 3251 1432 3314 tempus

251 3330 460 3399 »accipiebant«,
488 3333 684 3385 continuantur
710 3332 861 3399 praesentis
889 3331 992 3384 formae
1020 3333 1206 3400 (praelucent,
1235 3331 1375 3400 interest),
1402 3332 1432 3384 id

249 3417 375 3470 concludi
402 3435 457 3469 non
483 3422 580 3486 potest.
626 3417 700 3470 Dicit
727 3417 799 3469 enim
822 3416 922 3484 Varro,
949 3421 980 3468 ut
1003 3417 1071 3468 mihi
1095 3418 1205 3484 quidem
1228 3418 1349 3482 videtur,
1376 3420 1431 3472 iarn

250 3503 400 3570 antiquitus
420 3503 556 3556 exstitisse
574 3503 651 3555 illurn
670 3519 774 3554 morem
793 3503 879 3570 (impf.
896 3502 1084 3570 »occipiebot«)
1104 3509 1131 3556 et
1150 3504 1239 3556 adhuc
1258 3505 1287 3556 in
1303 3523 1355 3556 usu
1372 3522 1432 3558 esse

250 3591 347 3658 (praes.
369 3590 582 3658 »prnelrocent.«).
629 3589 749 3641 (loellius
777 3607 885 3656 quoque
913 3589 985 3657 apud
1010 3589 1161 3642 Beckerum
1189 3590 1294 3658 (Gallus
1318 3591 1360 3658 II,
1386 3592 1431 3659 46)

250 3681 338 3730 totum
357 3677 447 3729 locum
466 3676 500 3728 ad
512 3676 664 3728 Varronem
683 3675 797 3728 rettulit.
835 3675 867 3727 Id
887 3681 978 3727 autem
997 3675 1040 3727 vel
1059 3692 1090 3726 eo
1109 3676 1249 3744 probatur,
1268 3676 1341 3742 quod
1359 3676 1432 3729 idem

250 3762 334 3829 (faces
357 3763 385 3814 in
404 3761 506 3830 nuptiis
529 3761 697 3830 praelucere)
725 3760 778 3813 alio
800 3762 860 3813 loco
889 3762 948 3829 (ecl.
967 3761 1050 3828 VIII,
1077 3763 1121 3829 29)
1149 3761 1307 3814 scholiastes
1330 3761 1433 3814 diserte

250 3848 290 3900 illi
308 3847 413 3900 tribuit.

338 3935 362 4001 ²)
380 3933 460 3985 Thilo
478 3932 522 4000 (de
540 3933 663 3986 Varrone
682 3937 731 3986 eto.
751 3952 776 4002 p.
796 3935 840 4001 22)
860 3952 875 3986 6
893 3934 1006 3986 vocibus
1028 3933 1114 3996 611166,
1133 3933 1216 4000 qnod«
1237 3933 1345 4000 integra
1363 3933 1432 3986 haec

251 4037 285 4072 ex
302 4019 389 4073 Aetiis
412 4019 545 4071 translata
567 4035 626 4070 esse
648 4018 677 4070 in
695 4018 772 4070 illum
791 4019 824 4071 de
843 4020 859 4072 l.
874 4019 902 4072 L.
922 4019 1024 4072 librum
1043 4019 1184 4072 conclusit.
1222 4019 1274 4072 Sed
1291 4019 1338 4071 tix
1357 4018 1432 4084 quid-

251 4122 333 4172 quam
352 4104 470 4158 efficitur
487 4104 540 4156 illis
558 4103 662 4172 verbis,
689 4105 795 4173 saepius
815 4104 887 4157 enirn
917 4105 1003 4170 niden,
1030 4105 1113 4172 osred«
1144 4105 1244 4172 legitur
1261 4105 1289 4156 in
1307 4105 1378 4157 libro
1397 4103 1432 4156 de

251 4192 268 4243 1.
287 4191 328 4254 11,
351 4208 374 4243 e.
393 4207 418 4258 g.
437 4190 470 4257 V,
488 4192 535 4258 64,
557 4193 603 4258 69,
626 4192 687 4258 143,
711 4191 773 4254 151,
800 4191 856 4243 182.
894 4191 993 4244 Omnes
1017 4196 1108 4244 autern
1132 4192 1180 4244 hos
1199 4192 1272 4244 locos
1291 4209 1325 4243 ex
1343 4190 1431 4242 Aetiis

251 4277 397 4330 translatos
416 4294 474 4330 esse
491 4294 572 4329 nemo
589 4277 688 4330 credet.
721 4275 874 4328 Concidunt
892 4275 976 4344 igitur
994 4294 1026 4329 66
1044 4295 1159 4345 quoque,
1180 4295 1249 4344 quae
1262 4275 1429 4330 Ritschelius

252 4366 324 4434 (opp.
343 4363 395 4433 ΙΙΙ,
413 4364 483 4434 451),
502 4365 552 4418 etsi
570 4364 652 4434 paulo
670 4363 784 4432 cautius,
804 4362 931 4416 disseruit
949 4362 983 4416 de
1001 4363 1096 4417 eadem
1115 4381 1151 4417 re.
