3214 4942
756 332 968 394 -64-

191 559 194 566 -
271 516 420 582 elucebit.
466 515 557 584 Nunc
580 519 641 583 hac
664 519 790 600 quidem
815 518 1006 600 quaestione
1029 516 1261 600 praetermissa
1288 520 1377 602 prius
1399 518 1451 586 in·

272 627 447 710 spiciamus
471 634 598 695 ceteros
622 627 744 696 similes
767 631 856 696 locos
879 628 1011 712 genuini
1035 629 1147 696 Servii.
1158 629 1180 700 1Ι

356 738 515 805 Circeium
537 743 676 805 montem
700 760 720 806 a
743 740 834 807 Circe
857 741 977 808 dictum
1006 761 1079 808 esse
1106 761 1145 806 ac
1174 725 1334 822 quondam
1360 743 1451 809 insn-

270 849 334 914 lam
362 849 465 917 tuisse
493 870 511 916 e
542 851 685 918 Varrone
713 853 851 934 protulit
878 853 1071 919 scholiastes
1101 854 1142 918 ad
1169 852 1225 935 ΙΙΙ,
1250 855 1311 919 386
1320 853 1353 929 Ι).
1399 855 1451 922 af.

272 962 360 1028 Serv.
387 961 453 1045 Vll,
481 966 531 1044 103
555 961 635 1028 Plin.
660 961 714 1045 ΙΙΙ,
739 963 821 1040 57³).

357 1073 405 1139 De
421 1073 491 1139 llva
513 1072 620 1139 insula
642 1075 723 1138 haec
740 1074 944 1141 Varroniana
960 1080 1095 1141 exstant
1109 1076 1195 1157 apud
1210 1076 1300 1142 Serv.
1318 1075 1358 1158 X,
1379 1081 1414 1140 lt
1418 1080 1450 1141 4.

274 1185 400 1250 »Varro
423 1192 452 1250 et
473 1185 567 1250 aliud
588 1185 667 1251 dicit
687 1187 780 1252 nasci
802 1188 928 1269 quidem
950 1187 1020 1252 illic
1035 1187 1172 1271 sarum,
1196 1189 1251 1254 sed
1271 1188 1308 1253 iu
1330 1188 1452 1253 strictu-

269 1318 342 1361 ram
363 1318 428 1362 uon
444 1318 540 1378 posse
562 1297 646 1380 copi,
673 1297 740 1363 uisi
762 1304 971 1364 transuectum
993 1297 1028 1362 ia
1053 1298 1285 1380 Populoniam,
1313 1299 1453 1364 Tusciae

270 1407 454 1474 civitaten«
503 1406 549 1473 df.
573 1407 654 1473 Plin.
679 1410 731 1490 34,
759 1409 859 1487 142⁴).

355 1518 406 1583 Ad
430 1518 510 1584 Aen.
536 1516 560 1601 Ι,
583 1519 644 1583 532
669 1519 708 1583 de
731 1518 858 1585 nomine
874 1519 1048 1586 Oenotriae
1071 1520 1112 1584 ab
1128 1520 1270 1586 Oenotro
1293 1538 1371 1601 rege
1394 1521 1452 1585 de-

270 1629 376 1710 ducto,
400 1630 441 1694 ad
468 1628 548 1712 Vlll,
573 1632 634 1694 322
659 1631 698 1694 de
715 1629 802 1695 Latii
825 1630 1012 1714 veriloquio,
1035 1632 1076 1696 ad
1102 1632 1139 1714 V,
1163 1635 1222 1695 411
1250 1630 1302 1706 (cf.
1325 1629 1349 1711 Ι,
1374 1635 1452 1709 570)

270 1741 308 1805 de
334 1740 436 1823 Eryce
459 1749 567 1806 monte
576 1740 615 1823 ⁵),
644 1742 735 1824 adl,
760 1745 821 1807 ata
850 1744 889 1808 de
919 1741 1081 1815 Timavo‘)
1114 1742 1246 1809 Servius
1272 1742 1448 1807 Varronem

269 1851 424 1919 laudavit.

354 1964 432 2030 Cum
453 1963 506 2046 iis,
530 1984 612 2045 quae
635 1965 674 2030 de
699 1965 833 2031 lntnrua
854 1965 945 2032 fonte
969 1964 1101 2031 Servius
1125 1965 1166 2030 ad
1190 1966 1269 2030 Aen.
1294 1964 1363 2048 llll,
1388 1967 1450 2030 139

269 2074 456 2158 adscripsit,
479 2076 519 2142 ct.
543 2077 583 2141 de
606 2076 627 2141 Ι.
651 2075 685 2141 L.
712 2077 749 2159 V,
774 2080 791 2138 t
797 2080 824 2140 1.

354 2185 406 2252 Ad
431 2186 511 2252 Aen.
536 2186 607 2266 Vll,
637 2191 696 2252 112
726 2188 766 2252 de
795 2187 908 2253 Velina
941 2187 1015 2253 lacn
1045 2187 1219 2253 Varronem
1253 2186 1450 2253 scholiastes

269 2297 458 2363 advocavit:
490 2347 506 2373 ,‚
515 2299 646 2365 Velinus
669 2299 758 2364 laeuus
780 2307 825 2365 est
846 2298 951 2381 [circa
973 2297 1090 2380 Reate]
1117 2299 1209 2364 iuuta
1233 2319 1361 2381 apruni,
1391 2299 1450 2380 qui

268 2409 454 2476 Rosulanus
475 2418 613 2476 uocatur.
665 2412 767 2477 Varro
790 2418 895 2476 tamen
923 2409 1002 2475 dicit
1029 2408 1129 2474 locutu
1156 2410 1239 2475 huuc
1267 2411 1449 2492 aquodam

269 2521 393 2587 consule
414 2521 452 2586 iu
466 2522 505 2586 N
503 2545 590 2588 arem
608 2523 659 2597 aei
674 2523 809 2588 Nartem
824 2522 964 2607 fluvium
987 2521 1165 2586 donicatum
1179 2556 1221 2564 -
1240 2543 1319 2587 uam
1332 2528 1449 2586 auunc-

270 2655 328 2716 que
350 2634 525 2700 dicitur-
552 2656 616 2700 esse
638 2634 799 2718 diffusum.
847 2634 926 2698 Post
949 2634 1034 2714 quod
1059 2639 1150 2698 tauta
1176 2639 1221 2698 est
1248 2632 1317 2698 toea
1343 2641 1449 2698 secuta

263 2746 432 2830 fertilitas,
455 2754 490 2811 ut
512 2747 608 2812 etiam
623 2746 767 2828 perticae
789 2745 1019 2828 loupitudiuau
1042 2744 1176 2809 altitudo
1198 2751 1362 2825 superaret
1382 2744 1449 2808 luer-

270 2859 400 2922 barura:
422 2858 500 2940 quia
527 2857 623 2924 etiarn
649 2864 803 2940 quantula
825 2879 886 2939 per
914 2857 997 2921 diem
1023 2857 1181 2937 demptura
1207 2861 1297 2936 esset,
1325 2862 1448 2920 tanturn

263 2991 325 3050 per
346 2975 463 3035 noctem
486 2968 720 3050 crescebant)-
748 2968 795 3034 cf.
820 2969 909 3033 Serv.
933 2967 975 3031 ad
998 2966 1054 3032 Ge.
1079 2966 1115 3048 ΙΙ,
1139 2969 1211 3031 201.

360 3123 381 3188 ¹)
399 3119 470 3172 Nam
489 3137 551 3173 cum
569 3119 621 3172 hoc
640 3120 704 3188 solu,
723 3138 779 3173 non
798 3137 860 3172 eum
878 3118 1075 3186 interpolatore
1093 3135 1166 3170 nunc
1184 3117 1252 3169 mihi
1270 3135 1313 3170 res
1333 3121 1382 3172 est.

357 3208 381 3276 ²)
401 3207 441 3260 Cf.
460 3206 558 3259 Strabo
576 3206 609 3270 V,
627 3208 678 3258 232
697 3208 733 3274 (p.
745 3207 850 3275 sluaa
869 3204 970 3271 Mein.)
1001 3203 1090 3256 »Marri
1109 3202 1255 3256 d’”Aurrou
1273 3201 1299 3256 ro*
1314 3209 1448 3276 Κιρκαῖον

268 3295 338 3346 iuria
355 3294 384 3345 ἓν
402 3296 548 3351 ιλιιικοσιόις
566 3295 609 3344 καὶ
629 3291 784 3357 ἐνενήκοντα
804 3293 920 3350 arcadicus
937 3290 998 3363 ὅρος
1016 3293 1125 3355 unctior
1142 3289 1260 3362 θαλάττῃ
1273 3310 1297 3342 rr
1312 3294 1356 3343 κιιὶ
1369 3293 1446 3344 ἕλεσι·

268 3382 335 3450 «preat
354 3382 382 3432 dt
400 3382 445 3431 καὶ
463 3377 623 3451 πολύρριζον
640 3377 718 3445 εἶναι,
745 3376 812 3447 elixa
839 3381 873 3446 τῷ
897 3375 979 3447 μύθῳ
1005 3381 1040 3446 τῴ
1058 3379 1117 3448 περὶ
1135 3381 1180 3442 τῆς
1198 3385 1301 3450 Κίρκη-ς
1319 3395 1446 3430 συνοικει-

267 3469 364 3526 οῦντος.
388 3469 441 3536 ἔχοι
462 3467 490 3518 dt
508 3467 647 3535 πολίχνιον
671 3467 715 3516 καὶ
734 3471 836 3535 Κίρκης
859 3461 932 3535 inpia
955 3464 999 3514 καὶ
1017 3461 1139 3528 Ἀθηνᾶς
1156 3462 1263 3534 βωμόν,
1287 3465 1447 3516 (λὀίκνοσθιιι

268 3554 297 3604 dr*
320 3555 364 3604 καὶ
389 3551 491 3623 φιάλην
513 3551 571 3604 rauci
596 3568 681 3621 φασιν
698 3548 868 3609 ’adamanus
907 3548 1048 3601 Strabonis
1071 3549 1144 3602 locos
1169 3567 1217 3601 our
1240 3547 1351 3616 addam,
1374 3550 1446 3602 infra

267 3639 391 3692 dicturus
411 3657 478 3692 sum.

356 3727 380 3794 ³)
400 3726 439 3778 Cf.
459 3725 654 3792 Reitzenstein,
673 3723 698 3776 d.
718 3739 809 3790 geogr.
828 3721 938 3773 Biieher
956 3721 1056 3774 Varros
1072 3723 1202 3790 (Hermes
1220 3722 1282 3790 XX)
1301 3742 1326 3792 p.
1341 3723 1399 3775 544.

355 3813 379 3880 ⁴)
398 3812 502 3864 Plinius
515 3811 532 3865 Ι.
543 3811 559 3862 Ι.
574 3810 631 3877 agit
649 3809 682 3861 de
700 3809 748 3860 illa
765 3808 862 3875 insula,
881 3808 928 3860 sed
946 3807 1049 3860 frustra
1068 3809 1140 3877 apud
1158 3826 1220 3860 eum
1234 3826 1356 3876 quaeres,
1376 3825 1444 3876 quae

268 3899 377 3952 Servius
396 3899 412 3950 Ι.
426 3898 443 3950 Ι.
462 3898 488 3949 ei
506 3896 660 3965 imputavit.
692 3894 732 3947 Cf.
751 3894 958 3947 Laemrnerhirt.
978 3894 995 3947 Ι.
1007 3894 1025 3946 Ι.
1044 3913 1069 3962 p.
1083 3896 1141 3946 377.
1169 3895 1332 3948 Aocuratius
1351 3894 1444 3947 dehis

266 3986 358 4039 verbis
377 3984 466 4037 Plinio
484 3983 553 4035 falso
572 3982 683 4034 tributis
701 3980 774 4033 inira
792 3979 938 4033 dicendum
957 3980 1016 4033 erit.

356 4072 379 4140 ⁵)
400 4070 439 4124 cf.
458 4069 552 4138 Pomp.
572 4068 634 4121 Mel.
653 4068 690 4136 II,
710 4068 767 4121 119.
787 4098 819 4105 -
840 4067 863 4134 ⁶)
883 4066 951 4119 Plin.
974 4067 1026 4131 III,
1046 4067 1102 4119 151.

357 4158 379 4225 ²)
398 4157 484 4209 Recte
503 4161 594 4208 autem
606 4153 835 4207 Reitzensteinius
854 4153 871 4205 Ι.
885 4153 901 4204 Ι.
919 4171 944 4221 p.
958 4153 1008 4204 539
1026 4153 1123 4205 statuit
1140 4152 1264 4205 Servium
1281 4152 1352 4204 male
1369 4151 1445 4205 intel-

266 4244 373 4311 lexisse,
392 4261 461 4310 quae
479 4242 583 4309 legerat
602 4241 674 4309 apud
687 4245 827 4292 auctorem
840 4257 926 4291 suum.
956 4239 995 4291 af.
1009 4239 1042 4291 de
1056 4257 1076 4290 r.
1090 4256 1111 4291 r.
1124 4239 1146 4304 Ι,
1160 4241 1183 4304 7,
1198 4240 1241 4291 ΙΟ;
1261 4255 1342 4305 quern
1355 4238 1445 4290 locum

265 4330 371 4384 Plinius
390 4330 479 4396 XVII,
497 4331 531 4381 32
549 4328 690 4396 expressit.
