3214 4942
676 333 890 396 „73-

193 541 278 590 nunc
301 521 365 587 iam
390 521 542 588 solvitur:
567 520 674 586 omnia
698 519 781 586 enim
804 521 886 585 haee
909 539 948 584 ex
971 518 1204 600 antiquitatum
1227 518 1319 584 libris
1335 519 1375 584 de

193 633 275 701 locis
304 634 495 715 deprompta
523 651 596 698 esse
626 651 643 696 e
671 650 832 698 consensu
860 651 930 696 cum
954 629 1068 696 Verrio
1099 639 1132 695 et
1156 628 1259 695 Plinio
1287 630 1376 696 colli·

194 744 323 828 gitur.¹)
380 744 457 810 Tum
485 762 561 810 vero
590 762 675 809 niuno
702 742 784 808 alios
813 761 938 825 qnoque
964 743 1054 807 locos
1083 741 1238 824 quosdam
1262 740 1376 824 Servii,

196 856 251 938 qui
273 857 384 922 eodem
407 853 583 938 pertinent,
607 853 671 920 etsi
688 855 844 920 Varronis
867 873 983 919 nomen
1006 873 1109 934 neque
1130 853 1214 935 apud
1231 852 1376 919 Servium

194 987 298 1049 neque
326 966 404 1032 alibi
430 967 583 1032 laudatur
611 966 650 1031 de
677 965 718 1032 iis
753 967 866 1048 rebus,
900 964 1068 1030 dummodo
1103 965 1277 1030 concinant
1306 985 1377 1031 cnm

198 1077 311 1144 Verrio
336 1082 370 1143 et
391 1075 589 1142 Plinio'sive
612 1097 683 1150 cum
706 1077 774 1143 solo
793 1076 952 1160 Verri02),
970 1075 1109 1142 Varroni
1131 1077 1267 1142 reddere
1289 1075 1376 1141 licet.

284 1190 391 1270 Atque
419 1189 479 1260 hos
508 1188 596 1253 locos
615 1192 761 1271 propter
787 1187 914 1254 illorum
938 1207 1130 1254 consensum
1154 1187 1377 1254 Varronianos

197 1319 271 1367 esse
294 1299 426 1367 conicio.

283 1410 433 1477 Formias
468 1410 563 1492 qnasi
595 1411 744 1477 Hormias
783 1412 924 1493 itemque
953 1410 1102 1477 Faliscos
1138 1413 1179 1476 ab
1207 1411 1326 1477 Haleso
1354 1412 1380 1476 h

197 1523 310 1588 littera
332 1522 364 1588 in
388 1523 554 1594 fmutata
577 1523 682 1588 dictas
706 1523 928 1590 esseServius
947 1523 1092 1606 v11,695
1116 1523 1268 1600 narrati)
1297 1525 1381 1588 »Fa-

198 1636 290 1702 liscos
312 1635 455 1700 Halesus
477 1635 627 1701 coadidit.
667 1635 718 1700 Hi
741 1643 854 1717 autera,
877 1635 1041 1701 immutato
1064 1637 1104 1700 H
1127 1635 1163 1700 ia
1186 1636 1230 1718 F,
1253 1635 1380 1701 Falisci

197 1747 274 1813 dicti
295 1754 378 1829 sant,
404 1746 486 1812 sicat
500 1747 607 1831 febris
629 1747 746 1813 dicitnr
772 1769 853 1831 qaae
882 1755 955 1813 aate
977 1747 1082 1812 debris
1104 1746 1275 1830 dicebatur,
1303 1749 1381 1812 For·

198 1859 283 1924 osiae
305 1879 387 1941 qaae
408 1858 567 1924 Hormiae
585 1859 731 1943 sacrarat,
756 1860 813 1918 ἀπὸ
838 1865 891 1942 τῆς
913 1862 1010 1941 ὁρμῆς
1018 1881 1030 1924 .·
1055 1880 1133 1924 nara
1149 1859 1322 1941 posteritas
1344 1859 1381 1924 ia

199 1969 308 2036 maltis
328 1969 513 2035 nominibus
534 1971 570 2035 F
581 1991 645 2052 pro
660 1971 702 2035 H
714 1971 833 2052 posuit.
868 1973 973 2037 Iasios
996 1977 1100 2036 aateoi
1122 1970 1200 2036 dicit
1221 1969 1380 2052 Faliscos,

199 2082 278 2165 qaia
294 2080 437 2164 populas
451 2082 619 2148 Romanas
640 2082 748 2148 missis
771 2085 873 2148 dacem
894 2083 976 2148 airis
1000 2082 1137 2163 adipeis
1159 2083 1236 2147 iara
1252 2081 1383 2158 fetialia

200 2200 228 2260 et
248 2191 407 2258 aoaaalia
428 2192 645 2275 supplementa
666 2194 747 2259 XII
766 2195 948 2261 tabularum
972 2193 1099 2277 aceepit,
1123 2216 1205 2277 qaas
1228 2194 1385 2266 habuerat

200 2306 241 2370 ab
263 2302 575 2381 attentissimam)

286 2415 373 2480 Idem
393 2433 470 2482 vero
487 2414 690 2483 Formiarum
706 2417 919 2500 veriloquium
942 2424 976 2485 et
992 2419 1078 2501 apud
1094 2415 1232 2482 Plinium
1248 2421 1280 2482 et
1297 2416 1383 2498 apud

202 2527 336 2594 Paulum
358 2525 550 2593 invenimus.

286 2637 367 2704 Plin.
383 2637 435 2720 lss,
453 2640 502 2704 59.
545 2639 727 2723 »Oppidum
748 2643 902 2709 Formiae
924 2643 1084 2710 Hormiae
1106 2643 1251 2708 dietam«

292 2861 315 2928 ¹)
335 2858 374 2912 Of.
388 2859 583 2914 Reitzenstein.
603 2862 619 2914 l.
633 2862 651 2915 l.
689 2862 739 2928 Qui
759 2881 807 2916 suo
826 2864 884 2917 iure
903 2864 997 2917 reiecit
1014 2863 1194 2917 Oehmicheni
1212 2861 1384 2915 sententiam.

289 2944 465 3013 Oehmichen‚
484 2945 517 2998 de
536 2947 572 3000 M.
591 2948 714 3002 Varrone
738 2954 766 3003 et
788 2950 894 3004 Isidoro
918 2949 1075 3002 Characeno
1099 2950 1127 3003 0.
1149 2949 1234 3001 Plinii
1256 2949 1285 3000 in
1308 2948 1386 3000 libris

204 3030 425 3100 chorographicis
445 3036 528 3086 auctt.
547 3033 692 3103 primariis.
720 3035 792 3106 Lips.
813 3038 887 3089 1873.
912 3067 945 3074 -
972 3035 1058 3104 Idem,
1077 3035 1142 3105 plin.
1162 3035 1238 3088 Stud.
1274 3035 1385 3102 Erlang.

205 3119 278 3172 1880.
307 3137 333 3187 p.
346 3119 392 3180 273
411 3119 452 3170 47.

292 3207 317 3273 ²)
335 3203 378 3255 Ex
396 3203 476 3256 unius
490 3204 572 3258 Plinii
591 3225 654 3259 cum
667 3207 761 3262 Servio
780 3227 914 3263 consensu
926 3210 1080 3262 Varronem
1099 3226 1272 3262 communem
1290 3207 1387 3259 utrius·

206 3309 258 3359 que
281 3291 386 3344 fontem
409 3290 493 3343 fuisse
516 3293 679 3348 concludere
702 3313 766 3347 non
788 3296 865 3364 licet,
889 3297 962 3363 quod
982 3297 1092 3351 Catonis
1116 3313 1224 3364 quoque
1247 3293 1387 3356 memoria,

206 3378 257 3432 etsi
275 3378 362 3430 multo
380 3376 475 3443 rarior,
494 3378 567 3446 apud
585 3383 732 3447 utrumque
751 3382 832 3434 obvia
851 3387 903 3435 est:
923 3383 1015 3450 itaque
1035 3402 1097 3436 cum
1109 3383 1155 3434 hia
1168 3397 1275 3448 quoque
1288 3379 1388 3430 dixerit

206 3465 239 3518 de
252 3464 348 3518 Italiae
367 3463 482 3533 oppidis,
501 3465 569 3517 tales
588 3483 630 3518 res
650 3467 730 3520 etad
749 3485 811 3521 eum
830 3468 992 3538 scriptorem
1009 3469 1099 3522 redire
1111 3471 1232 3537 possunt.
1260 3465 1388 3518 Verrium

207 3554 304 3605 contra
325 3567 340 3601 e
363 3549 465 3602 Catone
493 3551 560 3603 talia
586 3569 641 3605 nan
663 3553 786 3606 hausisse
809 3555 1038 3609 Reitzensteinius
1061 3573 1087 3623 p.
1106 3553 1170 3616 535,
1193 3555 1209 3604 2
1233 3554 1307 3604 recte
1330 3567 1388 3618 pro·

206 3635 353 3691 nuntiavit.

296 3723 320 3790 ³)
339 3720 443 3773 Eadem
465 3724 551 3776 verba
573 3724 627 3776 iam
650 3725 831 3795 Kiesslingius
855 3729 891 3797 (p.
910 3729 954 3796 39)
979 3727 1038 3778 aliis
1061 3725 1213 3778 rationibus
1236 3722 1334 3774 ductus
1356 3751 1388 3758 —

208 3808 324 3863 contulit
342 3806 415 3860 enim
433 3807 512 3862 Dion.
531 3811 554 3878 I,
573 3812 604 3864 21
627 3817 655 3866 et
673 3813 712 3865 Io.
731 3813 797 3882 Lyd.
817 3814 914 3882 fragm.
934 3813 1036 3866 Caseol.
1055 3811 1114 3864 init.
1134 3841 1166 3850 -
1189 3809 1312 3864 Varrone
1331 3824 1387 3860 uon

208 3894 323 3963 indigna
341 3910 399 3946 esse
419 3897 531 3948 censuit.

297 3990 321 4058 ⁴)
334 3979 423 4032 Aliter
434 3979 518 4034 febris
530 4002 625 4038 vocem
639 3985 667 4038 in
680 3990 728 4039 sat.
740 3984 950 4055 MenippVarro
962 3982 1110 4053 explicavit
1120 3982 1163 4050 (ir.
1174 3984 1207 4034 33
1217 3979 1387 4046 Buecheler).

209 4081 306 4146 Itaque
325 4085 373 4133 aut
391 4064 444 4117 alio
462 4067 491 4119 in
509 4069 579 4123 libro
598 4072 673 4125 aliud
690 4071 872 4139 veriloquium
890 4071 981 4140 posuit
999 4074 1046 4122 aut
1059 4068 1167 4121 Servius
1186 4067 1271 4121 verba
1291 4065 1390 4134 >patris

211 4198 242 4206 -
262 4165 348 4220 debris
366 4165 519 4220 dicabatur«
540 4178 574 4213 ex
593 4159 645 4211 alio
663 4159 739 4212 fonte
758 4157 865 4211 addidit
882 4155 1068 4209 Varronianis.

297 4251 416 4304 Faliscos
440 4252 473 4303 ab
495 4249 597 4304 Haleso
620 4246 707 4300 dictos
730 4262 788 4299 esse
813 4243 925 4297 Ovidius
949 4258 1056 4308 quoque
1079 4239 1163 4293 refert
1187 4238 1258 4308 (fast.
1277 4238 1325 4306 IV,
1343 4239 1389 4300 733

212 4337 467 4408 mmmm
