3214 4942
664 355 878 418 ..33-

265 565 314 630 De
335 561 461 629 facibus
478 564 512 626 et
528 560 692 626 trinalibus
707 559 811 625 Varro
827 563 861 623 et
877 559 962 640 apud
978 558 1244 640 interpolatorem
1261 559 1284 641 Ι,
1298 562 1358 624 727

177 675 268 741 dicit.
308 674 398 740 »Alii
425 672 560 755 furialia
583 671 798 754 appellarunt,
821 672 906 752 quod
926 670 963 736 rlrr
986 670 1150 736 6166661616
1174 671 1260 753 16661,
1284 693 1361 754 6666

182 786 301 854 Graeci
318 785 451 866 πυρσυὺς
465 791 593 850 666661·
612 785 713 848 Varro
729 784 767 847 de
780 782 848 848 or'ta
858 804 894 864 p.
907 782 948 846 R.
962 780 997 861 (Ι,
1012 784 1051 844 52
1071 781 1208 859 Kettn.):
1226 783 1361 867 sacrdos

179 906 237 964 661
258 897 393 963 candela
414 893 591 978 simplicii*
617 901 675 959 661
695 915 732 958 ac
754 915 788 958 eo
803 892 956 977 seniculo
971 893 1074 977 sacto,
1097 915 1207 958 eorum
1226 894 1361 977 oeslipr'a

178 1011 265 1092 qaod
286 1008 341 1074 abi
364 1030 402 1073 eo
422 1008 561 1090 sipebarrt
582 1005 789 1086 appellarent
808 1004 1003 1087 foralia.«¹)

271 1134 463 1217 Corruptcla
486 1133 562 1215 quin
584 1131 629 1197 ibi
646 1137 755 1198 exstet
769 1132 803 1198 in
818 1131 972 1198 Varronis
988 1133 1108 1215 verbis,
1130 1132 1217 1198 haud
1232 1131 1361 1198 dubium

182 1256 242 1314 est.
288 1246 378 1314 Thilo
409 1249 564 1327 corrupta
586 1246 686 1310 verba
717 1263 790 1310 csse
821 1244 951 1310 notavit
973 1243 1142 1325 asterisco,
1176 1243 1207 1309 in
1232 1244 1362 1309 adnota-

182 1359 324 1426 tionibus
348 1355 557 1439 complurium
581 1354 785 1420 coniecturas
801 1355 947 1437 protulit,
970 1355 1090 1422 nullam
1107 1356 1187 1421 adeo
1202 1356 1362 1421 firmatam

181 1471 374 1550 arbitratus,
404 1473 443 1534 nt
471 1467 651 1534 intextum
676 1486 747 1532 cam
769 1467 914 1548 recipcre
936 1466 1058 1532 liceret.
1106 1466 1260 1548 Equidem
1284 1467 1363 1532 haec

182 1579 427 1663 temptaverim:
466 1580 620 1664 osoribus,
655 1586 713 1645 661
739 1579 874 1644 candela
900 1579 1041 1663 simplici
1069 1586 1188 1645 66166
1213 1579 1364 1664 funiculo

176 1695 290 1780 forta:
323 1713 434 1758 earum
461 1690 606 1774 ceolique,
640 1690 695 1755 obi
723 1712 778 1756 eas
801 1691 1360 1776 61961661,6666116666176661166

185 1803 335 1884 Vestigio
363 1807 471 1868 autem
500 1821 564 1867 non
592 1801 708 1866 »imam
725 1808 869 1883 partera«
902 1799 985 1873 (scil.
1006 1801 1185 1883 candelae),
1213 1807 1248 1867 ut
1273 1801 1364 1868 Thilo

186 1915 424 1996 interpretatus
440 1917 503 1994 est,
528 1910 705 1994 significari
720 1916 809 1994 puto,
834 1912 892 1978 sed
907 1912 1021 1994 locum,
1044 1910 1077 1976 in
1093 1931 1154 1993 quo
1172 1916 1241 1977 stat
1256 1913 1365 1994 aliqua

191 2046 251 2108 res,
273 2025 293 2091 i.
311 2044 337 2089 6.
355 2023 400 2088 ibi
421 2023 536 2106 locum,
565 2022 598 2088 in
622 2043 683 2103 quo
706 2023 771 2088 fixa
793 2028 846 2089 est
869 2023 1012 2089 candela.
1058 2023 1104 2090 Cf.
1129 2023 1169 2088 de
1191 2025 1252 2089 hac
1274 2025 1364 2091 vocis

194 2135 321 2218 vestigii
356 2134 594 2218 significatione
623 2133 687 2200 Cic.
712 2136 751 2200 de
781 2139 899 2201 natura
922 2136 1051 2201 deorum
1076 2134 1099 2218 l,
1124 2139 1174 2218 14,
1198 2137 1249 2218 37,
1272 2135 1363 2202 Caes.

194 2247 261 2313 bell.
282 2246 365 2313 Gall.
384 2245 438 2328 IV,
461 2249 491 2329 2,
515 2247 544 2310 3.
589 2245 771 2327 Aptissime
803 2251 912 2312 autem
941 2247 1100 2327 quadrare
1126 2247 1211 2312 hunc
1238 2266 1368 2313 sensum
1426 2293 1429 2299 ,

189 2360 221 2424 in
242 2357 345 2425 totius
367 2357 431 2424 loci
454 2355 653 2422 sententiam
676 2356 820 2423 Isidorus
843 2358 946 2440 docet,
971 2359 1024 2438 qui
1047 2357 1119 2440 llll,
1138 2361 1223 2440 10‚5
1246 2357 1369 2424 diserte

189 2469 271 2536 dixit
291 2474 328 2534 61
350 2473 422 2534 1616
445 2467 641 2534 candelabra
664 2475 698 2533 et
720 2467 811 2552 ipsos
836 2467 985 2536 stimulos
1001 2474 1205 2552 praeacutos,
1223 2468 1276 2535 ubi
1291 2470 1369 2551 fige·

188 2585 303 2647 rentur
325 2578 470 2660 funiculi,
494 2579 653 2661 appellari
676 2579 809 2645 funalia.
855 2579 1031 2646 Praeterea
1047 2580 1086 2645 cf.
1105 2580 1223 2646 Donat.
1241 2581 1282 2646 ad
1298 2580 1368 2645 Ter.

188 2693 288 2758 Andr.
305 2692 328 2773 Ι,
357 2696 383 2773 1,
407 2693 462 2756 88:
495 2693 598 2773 »quod
625 2691 747 2764 (funus)
771 2714 792 2755 6
808 2691 984 2775 sarclidas
1011 2692 1128 2758 dictam
1157 2699 1201 2758 est
1227 2692 1371 2758 6166616
1471 2720 1472 2723 “

188 2802 345 2870 61666616
368 2801 640 2883 candelabrorum,
663 2801 778 2883 quidus
793 2801 923 2867 delibati
932 2803 1043 2886 funes,
1067 2804 1155 2884 emer,
1169 2803 1302 2887 fomites
1323 2803 1370 2868 16-

186 2917 355 2999 16661666
398 2912 465 2990 Quo
483 2931 500 2976 e
515 2911 596 2994 loco,
621 2911 696 2992 quid
711 2910 843 2977 intersit
857 2911 944 2978 inter
960 2912 1126 2978 candelam
1144 2912 1321 2995 simplicem
1336 2924 1370 2979 ct

190 3044 232 3090 ex
253 3023 394 3090 funiculo
417 3023 549 3105 factam,
573 3041 770 3101 cognoscere
798 3022 885 3088 licet.
932 3022 1006 3088 Scil.
1035 3025 1187 3090 »candela
1208 3025 1366 3108 simplici«

189 3155 316 3203 cereum
331 3133 434 3200 Varro
457 3132 586 3200 videtur
603 3132 817 3215 significasse,
841 3154 881 3199 ex
895 3133 1036 3200 funiculo
1061 3140 1168 3202 autem
1185 3135 1371 3203 166161661-

190 3247 296 3314 culum
318 3245 390 3328 pice
414 3243 558 3325 oblitum,
587 3245 652 3310 ie.
669 3244 752 3310 facis
775 3245 934 3326 quoddam
956 3264 1070 3327 genus.
1117 3246 1165 3313 ef.
1182 3247 1222 3312 de
1244 3247 1265 3312 Ι.
1283 3247 1317 3312 L.
1332 3246 1370 3329 V,

192 3361 263 3423 119.
314 3356 398 3422 Fere
430 3355 515 3421 idem
545 3355 649 3421 Servii
683 3375 809 3437 quoque
842 3356 958 3440 interp.
975 3357 999 3438 Ι,
1026 3361 1086 3422 727
1113 3357 1303 3439 (mandatae
1323 3359 1372 3424 ael

187 3469 286 3553 forres
305 3468 380 3552 pice
403 3466 572 3548 delibuti«)
598 3465 706 3532 dicere
730 3465 865 3533 videtur.

279 3596 327 3662 Ea
349 3597 460 3677 verba,
484 3599 723 3676 quaecxstant
745 3594 778 3660 in
802 3596 932 3661 exordio
948 3595 1063 3664 scholii
1078 3598 1120 3662 ad
1134 3598 1213 3662 Aen.
1227 3597 1282 3680 ΙΙΙ,
1302 3600 1371 3680 143,

193 3708 370 3773 cVarrone
393 3707 513 3772 hausta
536 3724 611 3771 csse
633 3705 726 3772 nobis
742 3705 963 3788 persuasimus
987 3713 1029 3788 (p.
1044 3708 1099 3784 32)
1145 3706 1192 3772 lbi
1207 3727 1283 3774 vero
1299 3708 1371 3775 ideo

193 3823 291 3884 noctu
321 3816 428 3882 efferri
457 3822 603 3883 mortuos
633 3816 781 3898 legimus,
816 3836 856 3881 ne
886 3816 1072 3898 polluantur
1100 3837 1209 3884 eorum
1236 3825 1371 3900 aspectu

195 3929 391 3995 sacerdotes.
430 3927 488 3994 llis
513 3933 622 3993 autem
645 3947 708 3995 non
724 3927 856 3993 licuisse
872 3927 982 3993 videre
997 3933 1142 3994 mortuos
1159 3929 1247 3996 Serv.
1263 3928 1313 4013 ΙΙΙ,
1331 3933 1372 3995 64

283 4159 306 4226 ¹)
326 4157 497 4222 Quamquam
524 4156 592 4209 haec
619 4156 734 4208 tortasse
762 4156 814 4209 alio
842 4137 901 4208 1666
929 4162 1011 4224 61666
1034 4161 1125 4209 cetera
1142 4156 1230 4209 Varro
1250 4158 1372 4226 protulit.

195 4241 289 4310 Neque
318 4241 392 4295 enim
420 4246 526 4294 certum
553 4246 602 4310 cst,
633 4259 665 4295 ea
692 4258 800 4309 quoque
828 4241 862 4293 ad
889 4243 986 4295 lunera
1016 4243 1171 4310 pertineant
1201 4260 1235 4294 an
1266 4243 1300 4294 ad
1330 4243 1374 4295 do-

197 4327 338 4380 mesticam
356 4344 421 4380 rem.

1151 4449 1168 4499 3
