3214 4942
662 357 875 421 ...35-

178 545 261 612 loco.
309 545 414 623 Quam
448 543 536 627 item,
572 548 610 610 ut
644 548 782 627 ceteras,
817 545 1003 612 eVarrone
1037 549 1199 628 sumptam
1227 565 1299 614 esse
1326 566 1363 612 eo

178 654 376 730 ostenditur,
409 656 493 736 quod
515 656 601 737 apud
623 655 891 736 interpolatorem
915 657 956 727 ad
980 659 1058 724 Aen.
1077 657 1131 740 lV,
1155 659 1217 750 607
1240 693 1281 703 -
1304 658 1364 724 hoc

178 766 326 834 scholion
356 786 455 848 supra
483 772 527 848 (p.
546 768 598 838 311
627 765 675 831 1111
703 765 829 832 asserui
852 805 894 812 —
918 787 989 833 cum
1013 787 1061 848 ea,
1093 787 1187 849 quam
1210 768 1363 835 hocloco

179 878 329 948 Serrium
363 897 381 944 0
410 878 552 944 Varrone
586 875 827 959 deprompsisse
854 877 918 944 iam
946 878 1174 960 intelleximus,
1208 881 1257 956 ita
1291 899 1364 946 con·

176 989 337 1071 iungitur,
361 992 398 1054 ut
419 989 480 1054 has
504 988 632 1055 omnino
655 1009 719 1055 non
735 989 817 1055 duas
834 1009 952 1056 causas
969 990 1015 1070 (id
1031 990 1115 1071 quod
1133 991 1223 1056 Serv,
1232 990 1285 1073 Vl,
1301 993 1364 1055 216

177 1100 310 1168 videtur
326 1101 513 1182 credidisse,
527 1119 597 1167 cum
611 1101 734 1166 diceret
753 1101 819 1167 »001
832 1137 867 1146 -
883 1102 975 1177 uelo,
990 1103 1045 1167 sed
1058 1121 1153 1168 unam
1167 1102 1364 1182 eandemque

178 1231 256 1278 esse
290 1212 425 1278 eluceat.
471 1210 545 1278 Seii.
570 1212 722 1294 exposuit
746 1212 849 1279 Varro
874 1233 921 1296 eo,
957 1214 1041 1294 qnod
1064 1232 1163 1279 caesa
1184 1231 1249 1278 non
1271 1232 1365 1278 rena-

181 1329 340 1407 sceretur,
371 1323 536 1389 funebrem
564 1323 673 1404 putari
696 1343 883 1405 cupressum
906 1324 1043 1406 ideoque
1066 1329 1144 1389 ante
1168 1325 1293 1390 domum
1316 1323 1365 1390 fu-

180 1442 309 1502 nestam
332 1455 403 1502 eam
426 1433 632 1516 potissimum
655 1438 802 1501 arborem
827 1435 942 1517 poui.¹)

267 1547 479 1613 Pontificibus
503 1548 664 1612 cadavera
687 1546 797 1613 videre
819 1567 883 1613 non
905 1547 1047 1631 licuisse,
1070 1552 1106 1614 ut
1130 1568 1228 1630 supra
1250 1554 1292 1630 (p.
1311 1549 1365 1624 34)

181 1659 332 1742 vidimus
350 1660 455 1726 Varro
480 1658 625 1724 tradidit.
661 1659 792 1725 Servius
817 1664 935 1741 autem,
959 1659 1137 1724 cumidem
1161 1660 1202 1724 ad
1219 1660 1297 1725 Aen.
1314 1659 1366 1740 Vl,

186 1775 246 1836 176
269 1771 381 1854 refert,
405 1771 509 1837 mains
534 1770 631 1836 etiam
655 1769 747 1836 nefas
771 1769 836 1835 illis
853 1789 927 1836 esse
944 1769 1044 1852 addit,
1070 1770 1098 1836 si
1114 1789 1197 1851 quae
1212 1769 1366 1853 viderint,

184 1882 349 1964 insepulta
370 1882 563 1965 relinquere,
586 1881 644 1964 ita,
668 1888 703 1946 ut
725 1882 806 1946 haec
830 1901 965 1964 quoque,
989 1901 1072 1963 quae
1095 1886 1167 1946 arte
1191 1882 1366 1947 cohaerent

189 2013 254 2060 cum
277 1993 335 2059 illa
356 2014 402 2076 re,
428 1994 605 2059 Varronem
628 2011 899 2058 commemorasse
921 1993 1074 2074 pateat.²)

271 2107 298 2172 A
321 2105 450 2172 feminis
474 2125 531 2170 ora
553 2103 692 2170 lacerari
714 2105 746 2170 in
771 2103 934 2185 exsequiis
950 2105 1159 2185 hominesque
1183 2103 1256 2170 olim
1281 2125 1365 2170 mac·

191 2224 273 2283 10100
297 2237 371 2284 esse
393 2217 427 2283 in
451 2218 609 2299 sepulcris
632 2215 737 2282 Varro
761 2216 846 2296 apud
868 2215 1133 2298 interpolatorem
1156 2217 1198 2281 ad
1222 2217 1300 2282 Aen.
1314 2217 1366 2298 lll,

188 2331 226 2393 67
250 2333 373 2394 narrat.
418 2328 470 2394 Ad
494 2329 629 2394 etmdem
653 2332 828 2407 auctorem,
856 2327 921 2393 etsi
943 2347 1006 2393 nou
1029 2327 1191 2410 laudatur,
1215 2328 1287 2393 coll.
1311 2327 1366 2394 illo

185 2439 430 2522 interpolatoris
459 2439 541 2521 loco,
575 2438 749 2505 manifesto
783 2439 930 2522 redeunt,
965 2458 1047 2520 quae
1071 2439 1202 2506 Servius
1237 2439 1368 2504 exhibet

185 2553 227 2618 ad
250 2555 330 2618 Aen.
346 2551 418 2635 llll,
443 2553 514 2616 606.

105 2679 107 2687 ·
275 2663 402 2729 »Moris
422 2663 490 2746 fuit
508 2660 617 2745 [apud
630 2661 772 2745 ueteresJ,
795 2669 830 2727 01
852 2669 925 2727 0010
939 2683 1032 2745 ropos
1047 2661 1193 2745 [repam]
1208 2663 1369 2729 10000000

183 2777 320 2860 sanquis
342 2777 561 2859 effunderetur,
584 2773 633 2839 001
655 2772 1170 2856 0001100001οι0010100110100001,Ι
1192 2776 1369 2855 quoniamst

178 2887 267 2971 sorte
290 2887 384 2969 copia
406 2908 470 2952 000
487 2886 617 2971 suisset,
642 2885 804 2950 1001000100
824 2906 1039 2967 0000000000
1061 2887 1265 2969 effundebant
1286 2907 1371 2951 cruo-

184 3021 268 3082 rem,
306 3005 341 3064 01
372 2998 460 3081 rupis
493 2997 554 3062 1110
586 2997 694 3080 100000
727 2996 966 3062 restitueretur«
1026 2995 1193 3077 (Sequitur
1226 2996 1278 3061 lex
1312 2997 1371 3062 llll

188 3109 397 3184 tabularum.)
789 3151 790 3154 =
867 3131 869 3135 ⁴

275 3221 322 3285 De
346 3220 434 3286 Serv.
454 3219 492 3301 V,
517 3221 556 3283 78
580 3217 620 3283 01.
640 3218 738 3300 Diels,
763 3217 902 3301 sibyllin.
920 3217 1058 3285 Blatter.
1082 3240 1112 3301 p.
1131 3221 1181 3301 72,
1208 3217 1262 3297 13)

274 3330 407 3398 Servius
431 3331 484 3413 Vl,
508 3334 580 3413 116,
615 3350 708 3410 quem
742 3331 846 3396 locum
879 3351 909 3412 p.
932 3333 973 3396 34
1007 3329 1176 3411 exscripsi,
1210 3330 1370 3410 practicae

187 3443 383 3510 mentionem
405 3443 496 3508 facit.
533 3441 631 3508 Cuius
654 3441 745 3507 verbi
760 3441 972 3522 veriloquium
988 3441 1090 3506 Varro
1107 3441 1145 3505 de
1161 3441 1181 3505 1.
1199 3441 1234 3506 L.
1244 3439 1312 3522 Vll,
1330 3443 1370 3505 70

189 3555 302 3637 posuit
327 3551 503 3635 Naeviique
526 3553 571 3618 ibi
593 3554 677 3618 hunc
699 3571 828 3618 versum
852 3552 947 3618 citat:
1098 3539 1100 3541 ’

323 3675 432 3741 »Haec
453 3675 580 3757 quidem
602 3673 711 3755 hercle,
735 3672 859 3754 opinor,
876 3676 1022 3755 praefica
1045 3680 1200 3755 0010010
1216 3679 1372 3736 mortuum

394 3786 583 3851 collaudet«

280 3974 303 4041 1)
323 3972 488 4041 Cupressum
514 3971 658 4023 funebrem
686 3970 812 4022 arborem
836 3987 895 4021 esse
914 3969 1022 4022 Servius
1041 3973 1182 4038 praeterea
1201 3968 1235 4020 ed
1254 3968 1320 4020 Aen.
1334 3967 1371 4035 II,

191 4061 240 4111 714
259 4057 408 4112 adnotavit.

279 4163 304 4231 ²)
324 4161 397 4213 Seru.
417 4161 484 4214 Aen.
497 4160 545 4227 VI,
570 4161 627 4212 176.
666 4159 752 4212 »rende
778 4175 838 4212 0000
860 4157 1034 4226 pontificibus
1059 4157 1139 4226 nesus
1165 4159 1232 4210 esset
1257 4157 1372 4209 cadauer

191 4248 288 4312 uidere,
307 4245 395 4315 rouyio
414 4248 505 4299 100100
522 4246 602 4315 orsos
614 4245 868 4314 1000010101οιηο
887 4244 1051 4311 insepultum
1069 4242 1274 4309 relinquerent«

281 4352 304 4420 ³)
325 4349 363 4403 Of.
385 4349 509 4404 Servium
528 4368 636 4419 quoque
654 4349 687 4413 X,
706 4349 763 4401 519.

1182 4449 1218 4500 3*
