3214 4942
696 335 888 395 -7-

202 523 436 590 existimantur.
483 521 637 588 Saturnii
659 544 780 606 quaque
803 521 1000 603 dicebantur,
1025 521 1082 602 qui
1105 529 1243 587 eastruru
1265 524 1301 588 in
1324 525 1387 589 iure

201 636 281 701 aliua
307 635 493 718 Capitolino
516 634 755 713 inealebaul.«')

286 747 336 811 Ad
369 743 528 811 Macrobii
561 747 662 811 verba
700 745 879 812 »obseruari
913 746 1014 828 ignitur
1041 769 1111 810 eum
1140 747 1237 811 iussit
1263 743 1386 831 [lanus]

200 858 367 924 maiestate
381 856 549 940 reliaianis
564 857 676 938 attasi
691 857 794 923 uitae
816 857 993 922 melioris
1014 863 1218 922 auctorem«
1240 856 1277 938 (Ι,
1291 862 1320 939 7,
1333 860 1386 926 24)

202 969 351 1036 conferas
375 969 479 1051 ipsum
503 967 725 1034 Saturnalium
749 973 916 1034 auctorem
937 968 1130 1049 1,10‚1u‘·').

294 1083 366 1148 »hos
388 1083 460 1147 deas
483 1081 681 1156 (Saturnum
696 1079 873 1161 Opemque)
897 1079 957 1145 eali
984 1080 1100 1162 quasi
1122 1081 1229 1147 uitae
1252 1082 1387 1148 enltia-

204 1195 262 1260 ris
284 1201 482 1262 austeres«

289 1305 378 1370 Hune
412 1306 522 1369 autem
557 1302 712 1369 Macrobii
747 1304 852 1369 lecum
885 1323 903 1368 e
933 1303 1079 1369 Varrone
1109 1304 1283 1386 nepetitum
1314 1327 1387 1374 esse

206 1436 313 1484 earum
336 1435 496 1482 consensu
520 1413 660 1480 dilucide
684 1416 936 1482 demonstratur.

286 1527 333 1592 ef.
358 1526 441 1592 enim
467 1525 566 1592 Maur.
583 1527 605 1591 Ι.
622 1527 642 1591 Ι.
675 1527 793 1592 »Hane
819 1529 911 1592 dearn
938 1529 1034 1610 Opera
1058 1530 1195 1596 Saturni
1224 1533 1387 1615 aanirraern

201 1639 402 1706 aediderunt
428 1647 455 1705 et
484 1640 554 1704 irlea
582 1639 639 1704 loe
664 1661 769 1704 mense
792 1639 987 1705 Saturnalia
1013 1641 1147 1723 itemque
1172 1644 1294 1724 Opalia
1317 1645 1387 1710 eele-

202 1752 301 1834 brari,
325 1753 411 1834 quad
425 1752 586 1817 Saturnus
601 1749 730 1833 eiusque
744 1773 826 1816 rtenar
841 1759 906 1816 tane
921 1751 1059 1835 frarann
1074 1775 1171 1836 quarn
1181 1756 1386 1838 fruetuum

202 1861 449 1945 repertores³)
480 1885 545 1928 esse
573 1863 752 1928 credantur.
792 1863 908 1945 Itaque
935 1864 1021 1927 οοοιοΙ
1050 1864 1117 1928 iarn
1134 1866 1207 1948 fetu
1235 1889 1385 1947 aararrun

204 1983 306 2040 coacta
329 1977 369 2040 ab
393 1974 574 2040 horninibus
596 1974 653 2039 llas
676 1975 748 2039 aeos
771 1975 832 2038 eali
854 1975 949 2056 urrasr'
969 1975 1055 2041 uitae
1075 1977 1218 2042 cultioris
1235 1987 1384 2044 aleatores.

206 2091 289 2170 Quas
310 2087 407 2152 etiarn
426 2085 592 2151 nonnullis
615 2085 737 2150 eaelnrn
760 2108 798 2151 ae
820 2093 938 2151 terrarn
960 2108 1025 2152 esse
1041 2111 1234 2169 persuasura
1248 2113 1313 2156 esse
1328 2092 1386 2156 Sa-

202 2206 390 2280 turnumque
418 2221 440 2262 a
467 2204 540 2262 satu
563 2197 695 2278 dictura,
720 2197 810 2262 errius
833 2219 931 2262 eausa
959 2199 997 2264 (le
1024 2199 1108 2264 eaelo
1131 2207 1190 2283 est,
1219 2209 1246 2266 et
1269 2209 1386 2267 terram

205 2312 315 2393 Openr,
347 2309 438 2375 euius
467 2331 524 2390 ape
553 2310 716 2375 brunianae
741 2309 827 2374 uitae
856 2309 1011 2374 alimenta
1034 2318 1244 2395 arraeruntur,
1273 2315 1322 2378 ael
1345 2317 1384 2379 ab

202 2444 301 2505 apere,
320 2443 382 2504 per
404 2422 488 2504 quacl
503 2422 633 2504 fruetus
649 2421 826 2505 fruaesque
847 2428 1050 2487 naseuntur.«

288 2533 337 2598 Da
359 2533 380 2597 Ι.
397 2531 432 2596 L.
451 2531 488 2596 V.
507 2533 547 2596 57
578 2529 640 2614 [ed.
666 2533 704 2597 Α.
728 2530 905 2616 Spengel.
944 2534 1136 2616 »Principes
1170 2535 1221 2601 ael
1255 2536 1385 2603 Caelum

203 2653 231 2712 et
256 2647 368 2711 Terra.
391 2681 434 2688 -
456 2679 497 2688 -
513 2680 555 2688 —
584 2644 674 2710 Idern
694 2644 859 2726 principes
882 2646 918 2710 in
940 2646 1037 2710 Latia
1062 2646 1222 2712 Saturnus
1245 2656 1273 2713 et
1291 2651 1383 2731 Ops«

203 2758 248 2822 ΙΙ).
265 2757 302 2820 V.
318 2760 368 2821 64.
397 2759 489 2839 »Qua
511 2779 545 2822 re
567 2758 652 2838 quael
674 2757 795 2821 eaelum
812 2755 1031 2840 nrirrar'piunr,
1060 2759 1101 2823 ab
1123 2767 1196 2824 salu
1219 2767 1264 2825 est
1285 2763 1388 2828 (lintres

204 2871 373 2950 Saturnus,
397 2877 426 2935 et
446 2870 531 2952 arrad
552 2867 649 2950 lanis,
667 2867 897 2933 Saturnalibus
920 2868 999 2933 aerei
1021 2871 1240 2952 summioribus
1262 2874 1387 2940 rnitlun-

203 2982 291 3058 tur.*)
339 2982 442 3046 Terra
468 2981 541 3062 Ops,
569 2981 654 3062 qnod
681 2979 734 3044 ln'e
761 3001 851 3044 anrne
873 3001 951 3061 epus
979 2986 1008 3045 et
1033 2981 1094 3047 bae
1116 3005 1195 3066 apris
1218 2987 1264 3050 ad
1284 2987 1387 3052 uiuen-

203 3097 295 3176 ilurn,·
309 3094 380 3160 idea
397 3092 515 3158 (licitur
530 3091 593 3172 Ops
608 3098 718 3172 nater,
735 3090 815 3172 quia
830 3097 916 3156 terra
930 3100 1058 3160 natan«
1085 3094 1132 3160 ef.
1145 3095 1184 3159 de
1196 3095 1217 3160 1.
1230 3096 1264 3161 L.
1277 3096 1386 3179 Vhtu.

287 3205 419 3271 Faleem
442 3208 553 3268 tenere
578 3203 762 3284 Saturnum,
785 3201 926 3268 messis
950 3202 1124 3290 insigne,
1148 3206 1236 3290 item,
1259 3213 1296 3273 ut
1320 3209 1386 3274 Ma·

204 3317 331 3385 asabias
354 3317 379 3400 I,
397 3319 425 3400 7,
439 3318 490 3398 24,
515 3313 617 3380 Varro
641 3317 806 3395 posuerat.

289 3433 373 3512 Aug.
389 3429 430 3494 de
446 3447 473 3492 e.
491 3425 529 3490 D.
543 3423 612 3507 Vll,
631 3427 669 3489 19
687 3429 729 3507 (p.
743 3428 816 3508 797,
833 3429 871 3491 21
888 3426 950 3502 Db.
986 3430 1134 3496 »Faleenr
1150 3433 1251 3514 babet,
1267 3432 1384 3516 inquit,
1486 3475 1488 3480 ,

196 3550 329 3628 propter
351 3539 612 3625 auriaulturarnn
655 3535 703 3602 ef.
722 3535 804 3603 Plut.
823 3557 851 3618 q.
869 3538 904 3604 R.
923 3543 973 3606 42.

292 3740 314 3807 ¹)
332 3739 374 3790 De
391 3737 433 3802 iis,
461 3751 530 3802 quae
553 3736 706 3799 sequuntur
723 3732 827 3785 ibidem
845 3735 918 3802 apud
937 3736 1057 3801 Festum,
1084 3738 1156 3790 inira
1175 3739 1211 3807 (p.
1226 3740 1269 3808 15)
1289 3741 1385 3794 dicam.

291 3828 315 3894 ²)
333 3824 480 3876 Praeterea
498 3819 568 3872 adde
586 3818 748 3885 Dionysium
766 3819 788 3887 Ι,
807 3822 848 3888 38,
868 3822 891 3874 l.
930 3821 1023 3875 »aridia
1047 3821 1078 3888 ur}
1101 3825 1261 3896 θαυμαστόν
1279 3821 1313 3891 ἤν
1330 3825 1388 3887 τούς

203 3911 333 3972 παλαιούς
351 3907 427 3983 lensia
451 3905 593 3973 ὑπολαβεῖν
615 3908 660 3955 τοῦ
679 3903 787 3974 Κρόνου
811 3904 858 3972 τήν
876 3907 972 3980 χώραν
994 3908 1103 3977 ταύτην,
1127 3909 1172 3962 τὸν
1193 3913 1245 3982 μὲν
1268 3915 1386 3984 δαίμονα

203 4006 292 4054 τοῦτον
310 4003 448 4068 οἰομένους
476 3992 547 4045 eluar
565 3988 650 4054 πάσης
669 3987 845 4062 sciturnomen
864 3996 963 4067 δοτῆρα
981 3999 1026 4048 καὶ
1044 3995 1183 4070 κληρωτήν
1204 3995 1384 4071 ἅνθρώποις.<<

291 4089 315 4156 ³)
334 4084 410 4137 Haee
431 4080 517 4133 verba
539 4077 620 4145 plana
646 4075 741 4128 eadem
764 4078 893 4145 leguntur
915 4080 943 4132 in
967 4100 999 4134 ea
1023 4084 1123 4152 eapite,
1148 4083 1181 4136 de
1205 4101 1258 4150 qna
1282 4085 1386 4152 agimus

205 4176 237 4244 (Ι,
255 4178 280 4244 7,
302 4173 354 4239 25).

291 4261 315 4329 ⁴)
334 4260 368 4312 In
386 4252 596 4321 antiquitatibus
616 4247 669 4300 alia
687 4249 744 4302 eins
763 4253 846 4305 meris
866 4255 1012 4324 explicatio
1030 4255 1147 4308 Varroni
1166 4255 1252 4322 magis
1274 4256 1385 4324 placuit.

206 4347 245 4401 Of.
264 4347 348 4402 Maur.
367 4347 389 4415 Ι,
407 4347 432 4413 7,
450 4347 492 4399 31.
