3214 4942
656 327 870 393 ..84-

175 518 265 585 dedit
288 557 328 562 —
352 519 479 578 ἀπὸτοῦ
491 519 612 600 paupera
635 513 833 582 nominatum
851 534 927 581 esse
944 513 1025 580 illud
1040 513 1190 596 oppidum
1206 512 1356 582 -Vero-

174 629 285 696 nensis
310 627 448 710 Vergilii
470 626 663 693 scholiastes
685 625 835 692 laudavit
861 625 1046 695 Varronem.
1226 681 1228 686 .
1326 685 1330 693 .

261 739 490 807 ScholVeron.
503 739 543 820 ll,
564 739 622 804 183
639 745 682 819 (p.
697 739 769 820 103,
789 741 825 802 16
845 738 903 804 Κλ.
932 739 1060 804 »Varro
1077 744 1175 821 putat
1192 736 1291 804 Caere
1306 759 1356 820 op·

169 854 287 936 pidum
293 851 447 917 Etruriae
460 850 643 933 oPelaspis,
651 871 720 915 cum
731 850 871 916 sitientes
881 849 1166 934 inuentumflumea
1172 849 1357 931 proximum
1370 911 1373 914 ,

176 965 215 1029 ab
231 963 288 1028 illo
310 962 427 1045 oppido
449 962 643 1028 salutassent
653 967 757 1044 χαῖρε,
780 969 873 1044 atque
888 983 927 1027 ea
942 981 1041 1028 causa
1056 959 1292 1029 trecentulam
1306 981 1358 1042 op

169 1075 251 1157 pido
273 1076 410 1139 (loturus
458 1072 505 1138 Cf.
529 1070 793 1153 interpolatorem
819 1072 908 1138 Serv.
932 1071 975 1137 ad
998 1073 1078 1138 Aen.
1096 1071 1137 1153 X,
1151 1072 1237 1158 183·
1272 1071 1357 1136 Sane

175 1185 220 1250 ibi
242 1187 284 1250 ab
307 1183 387 1266 ipsis
411 1181 558 1266 Pelasgis
576 1183 677 1249 Caere
701 1188 852 1249 vocatum
868 1202 942 1248 esse
958 1181 1189 1268 Varrorefert,
1212 1184 1270 1250 sed
1285 1203 1358 1250 eum

177 1300 349 1377 praeterea
376 1313 531 1360 narrasse
554 1293 716 1377 Agyllam,
748 1295 832 1376 quod
858 1314 974 1360 nomen
1006 1314 1026 1360 a
1049 1293 1199 1377 Pelasgis
1222 1293 1362 1361 inditum·

177 1410 267 1473 esset
294 1405 342 1471 illi
365 1405 493 1487 oppido,
521 1425 541 1471 a
564 1404 676 1472 Tuscis
688 1405 709 1482 ¹)
735 1406 838 1472 Caere
861 1407 1059 1488 appellatam
1074 1425 1158 1474 esse
1181 1404 1357 1489 Dionysius

177 1521 332 1584 testatur.

263 1628 396 1712 Dionys.
413 1628 466 1712 Ill,
492 1632 542 1712 58,
561 1634 587 1694 l.
626 1631 794 1712 »πρότερον
815 1628 872 1711 μὲν
889 1627 1010 1710 Ἄγυλλα
1034 1628 1170 1690 ἐκαλεῖτο
1196 1629 1358 1710 Πελασγῶν

177 1741 269 1823 αὐτὴν
299 1738 532 1813 κατοικούντων,
570 1742 623 1802 ὑπὸ
657 1740 692 1801 δὲ
726 1741 887 1823 Τυῤῥηνοΐς
918 1741 1063 1823 γενομένη
1094 1740 1231 1824 λαιμητα
1261 1763 1358 1822 pesco·

179 1854 343 1935 νιιμάσθη.ι

264 1965 287 2047 Ι,
311 1967 362 2048 20,
387 1969 415 2030 5,
465 1966 582 2030 »πόλεις
613 1964 722 2030 πολλὰς
754 1965 808 2030 τὰς
836 1963 894 2046 μὲν
922 1963 1101 2045 οἰκουμένας
1131 1966 1181 2024 καὶ
1209 1966 1371 2047 πρότερον

179 2079 233 2138 ὑπὸ
258 2080 316 2138 τῶν
338 2078 479 2149 Σικελῶν,
504 2077 558 2142 τὰς
580 2072 704 2135 ὃάὐτολ
726 2077 1021 2154 κατασκευάσαντες,
1046 2071 1143 2157 ᾤκουν
1164 2077 1193 2134 οἱ
1210 2076 1357 2156 Πελασγοὶ
1380 2117 1383 2122 ,

177 2192 259 2270 κοινῇ
291 2188 371 2269 μετὰ
405 2191 464 2248 τῶν
490 2184 698 2268 ἰλβομιγίνων,
731 2185 772 2247 ὧν
808 2186 940 2269 ἐστιννῆ
975 2209 1013 2250 τεῚ
1043 2187 1239 2270 Καιρητανῶν
1267 2189 1357 2260 πόλις,

173 2297 302 2381 ''L-lpotius
326 2298 360 2359 δὲ
385 2300 453 2358 τότε
476 2298 675 2380 καλουμένηιι
908 2362 924 2369 ,.
1310 2354 1312 2356 .

266 2408 347 2476 Nam
372 2428 443 2476 cum
466 2408 678 2491 Aboriginum
701 2409 827 2476 urbium
851 2410 1036 2492 catalogum
1059 2429 1077 2475 e
1096 2408 1250 2480 Varronis
1273 2409 1373 2478 anti·¹

180 2521 360 2603 quitatibus
384 2520 585 2602 exscriptum
608 2540 681 2587 esse
703 2521 775 2603 ipse
790 2521 966 2604 Dionysius
981 2521 1005 2604 l,
1025 2524 1063 2586 14
1086 2519 1215 2605 dixerit,
1238 2519 1359 2603 oppida

180 2636 221 2699 ab
243 2633 309 2700 illis
333 2652 397 2699 nna
420 2653 491 2699 cum
513 2632 659 2714 Pelasgis
681 2634 832 2698 habitata
864 2635 905 2699 ab
928 2635 1039 2700 eodem
1063 2637 1194 2700 auctore
1218 2652 1288 2699 eum
1312 2631 1359 2698 ui·-
1375 2685 1387 2694 ,.

178 2744 297 2810 dicisse
331 2750 583 2810 consentaneum
619 2744 709 2823 θεολ)
753 2743 865 2825 Neque
893 2743 1073 2827 quisquam,
1089 2743 1158 2825 >qui
1180 2743 1359 2810 Varronem

177 2856 314 2938 noverit,
343 2857 515 2922 mirabitur
544 2856 625 2922 duas
648 2854 777 2921 fabulas
801 2855 936 2921 eumad
966 2853 1046 2921 illud
1067 2854 1279 2936 veriloquium
1302 2855 1358 2922 ad·

179 2966 351 3042 notasse.³)

265 3077 411 3145 Vidimus
439 3077 543 3161 igitur
570 3097 619 3160 ea,
648 3098 731 3160 quae
759 3097 776 3143 e
800 3077 946 3144 Varrone
969 3077 1115 3159 profecta
1146 3097 1219 3145 esse
1242 3097 1360 3160 cogno·

179 3189 294 3272 vimus
319 3189 466 3256 aServio
490 3189 589 3256 tribui
605 3189 742 3273 Hygino,
768 3189 822 3271 qui
843 3188 960 3256 librum
984 3189 1117 3272 scripsit
1140 3189 1261 3258 ‹lesitu
1277 3188 1360 3266 (sive

179 3302 218 3366 de
242 3300 378 3383 origine)
402 3300 529 3367 urbium
551 3300 748 3368 Italicarum.
793 3300 934 3368 Constat
956 3308 1073 3368 autem·
1087 3300 1177 3368 illum
1201 3301 1359 3368 Varronis

181 3412 454 3479 studiosissimum
477 3412 580 3478 fuisse
603 3412 768 3494 multaque
785 3389 990 3484 Varroniana
1013 3432 1070 3495 per
1093 3432 1163 3480 eum
1187 3412 1229 3478 ad
1251 3413 1359 3498 poste·

179 3523 275 3590 rioris
304 3526 427 3591 aetatis
457 3523 634 3606 scriptores
662 3528 846 3607 propagata
876 3543 971 3590 esse..
1014 3509 1149 3606 Saepius
1174 3523 1262 3596 enim¹
1280 3523 1360 3602 Var-

179 3635 267 3702 ronis
305 3636 488 3719 Hyginique
525 3637 656 3702 nomina
700 3635 873 3702 coniuncta
911 3636 1063 3718 leguntur
1107 3635 1194 3718 apud
1238 3633 1361 3717 compi·

269 3858 291 3925 ¹)
310 3856 388 3922 Quod
402 3855 551 3910 »Romani«
573 3856 681 3909 Servius
700 3857 770 3910 dixit
788 3875 838 3927 pro
861 3857 983 3925 »Tusci«,
1003 3859 1076 3910 certe
1095 3855 1257 3911 scholiastae
1275 3844 1379 3914 errori

181 3943 360 3996 tribuendum
379 3948 428 3996 est.
1199 3961 1202 3966 ,
1280 3943 1282 3948 ·
1363 3940 1372 3946 .-

267 4049 291 4115 2)
310 4047 400 4113 Idem,
423 4047 496 4113 quod
519 4046 677 4114 Dionysius,
701 4031 734 4100 de
757 4030 960 4116 Agylla-Caere
987 4046 1091 4099 Plinius
1115 4047 1227 4101 exhibet
1244 4047 1301 4112 III,
1319 4047 1360 4100 51.

180 4134 234 4186 Ubi
252 4151 284 4186 ea
302 4150 418 4200 quoque,
437 4150 506 4200 quae
529 4133 706 4202 praecedunt,
726 4132 760 4185 ad
777 4133 930 4214 Varronem
949 4133 1072 4208 redeunt.
1111 4132 1150 4206 Cf.
1169 4152 1195 4202 p.
1208 4135 1253 4206 38.
1269 4181 1283 4194 ,.

1253 4015 1257 4028 l

269 4238 293 4303 ³)
313 4237 354 4288 De
373 4235 527 4288 Praenestis
547 4253 657 4303 quoque
676 4236 780 4304 origine
799 4236 865 4288 duas
891 4235 998 4290 fabulas
1020 4236 1130 4290 videtur
1151 4253 1283 4291 manasse.
1321 4235 1361 4291 Cf.

181 4341 207 4391 p.
224 4322 264 4390 75,
284 4324 309 4374 3.
