3214 4942
727 349 919 412 „g-

319 533 408 602 Fest.
433 557 464 618 p.
481 539 542 601 325
556 557 585 619 a,
603 538 631 602 8.
660 537 706 602 »ie
729 537 871 603 culturae
893 559 1043 621 aprorum
1067 540 1256 622 praesidere
1280 541 1413 624 ridetur,

233 669 292 731 quo
315 648 410 714 etiarn
426 649 507 734 soloe
529 657 574 714 est
594 649 624 714 er'
643 648 829 732 lusiones')

318 759 362 824 ld.
388 762 459 842 186,
482 761 512 823 b.
532 763 579 824 19.
620 761 757 842 »Opima
789 760 896 842 spolio
926 761 1077 828 dicuutur
1104 763 1261 847 oriyiueru
1288 763 1415 846 quietern

233 873 395 937 trahentia
419 873 459 936 ab
485 872 550 953 Ope
573 872 709 937 Saturni
731 893 837 955 eruore,
866 875 951 954 quod
972 873 1041 955 ipse
1064 895 1218 958 aprorum
1241 875 1338 940 errltor
1361 877 1415 940 liu-

233 986 328 1066 betur‚
351 983 535 1049 nominatus
557 1005 578 1046 α
600 990 673 1048 seta
696 991 861 1066 tenerisque
877 984 1000 1068 ¹foteeur
1015 985 1188 1069 offirmtum
1213 1008 1294 1068 quoe
1309 995 1353 1053 est
1368 988 1415 1052 irr-

231 1096 322 1178 sique
350 1095 519 1179 apricoloe.
576 1095 691 1176 ltaque
717 1094 779 1159 illu
809 1116 931 1177 quoque
958 1097 1201 1180 eopuomiuatur
1226 1096 1365 1182 Gousr'eu
1388 1107 1417 1164 et

230 1229 294 1272 esse
319 1205 520 1271 eeistimatur
542 1213 636 1271 terra.
692 1207 830 1288 Ideoque
851 1207 888 1272 ire
910 1208 1017 1291 Repr'a
1040 1207 1153 1274 colitur
1181 1232 1202 1274 α
1218 1209 1340 1292 populo
1362 1211 1414 1292 R„

229 1317 308 1401 quio
331 1339 436 1383 omues
459 1339 531 1399 opes
553 1318 694 1382 temero
721 1319 834 1400 uereri
856 1325 942 1384 terra
965 1320 1112 1386 tribuat«
1174 1321 1262 1399 Quae
1290 1341 1310 1386 a
1334 1320 1416 1386 Var-

230 1448 309 1494 rone
334 1427 480 1494 Verrinm
503 1431 686 1495 mutuatum
711 1447 785 1494 esse
807 1428 882 1494 inde
905 1430 1112 1514 perspicitur,
1141 1433 1224 1513 qnod
1247 1431 1416 1513 conspirat

232 1561 304 1606 cum
319 1539 375 1605 illo
392 1545 426 1604 et
441 1539 475 1605 in
491 1537 624 1605 Saturni
639 1539 809 1605 notatione
830 1541 883 1620 (de
899 1543 919 1607 l.
933 1542 968 1607 L.
983 1542 1021 1625 V,
1035 1545 1088 1616 64)
1105 1547 1139 1607 et
1154 1544 1186 1608 in
1203 1542 1297 1608 falcis
1314 1562 1415 1608 causa

234 1651 462 1734 explicanda²l
508 1651 556 1716 De
580 1669 673 1716 sacro
697 1651 731 1716 in
754 1651 857 1734 Regia
880 1652 919 1717 ci.
945 1654 984 1718 de
1008 1655 1028 1718 l.
1045 1654 1080 1719 L.
1096 1653 1150 1736 vl,
1164 1658 1213 1721 21.

322 1763 531 1844 Paragrapho
555 1761 709 1828 vicesima
734 1763 846 1844 quinta
868 1764 1053 1831 Stercutum
1061 1764 1085 1845 ³)
1108 1766 1218 1832 vocari
1242 1767 1415 1832 Saturnum

235 1873 697 1942 Macrobiuscommemoravit.
722 1875 831 1956 Atque
843 1874 876 1940 id
888 1895 1014 1957 quoque
1026 1877 1068 1942 ad
1077 1877 1251 1944 Varronem
1262 1897 1415 1944 revocan-

236 1990 310 2054 dum
333 2006 407 2052 esse
430 1989 659 2068 comprobatur
681 1989 722 2051 ab
746 1986 940 2069 Augustino.
988 1989 1036 2053 De
1060 2009 1086 2055 o.
1105 1990 1142 2055 D.
1161 1993 1210 2074 18,
1229 1992 1264 2055 15
1282 1993 1325 2072 (p.
1342 1993 1414 2072 275,

236 2100 351 2176 2211).
391 2097 558 2180 »tlrealibet
579 2106 682 2164 uatem
704 2121 742 2164 ea
765 2121 865 2165 causo
888 2121 958 2164 eaor
981 2101 1158 2167 Saturnum
1182 2102 1346 2184 appellare
1367 2125 1416 2168 oo·

237 2211 398 2293 lumiut⁴),
423 2216 500 2275 certe
522 2217 627 2275 torrere
649 2211 733 2276 tuuc
748 2211 873 2276 Sternere
887 2211 953 2277 sine
969 2212 1157 2277 Stercutiuru
1167 2213 1190 2289 5)
1206 2215 1316 2280 merito
1333 2214 1417 2298 apri-

212 2402 214 2406 .
237 2323 659 2407 euttrrraefeeeruutdeuru.‹<
688 2324 733 2400 (=
742 2321 845 2386 Varro
858 2323 1007 2403 degente
1019 2323 1139 2406 pun,
1151 2324 1238 2389 fra-2
1258 2326 1416 2405 llettner).

326 2432 468 2498 Vidimus
491 2431 559 2496 iere
582 2432 700 2514 omnia,
725 2453 806 2514 quae
829 2435 861 2499 in
879 2435 939 2500 hoc
955 2434 1111 2500 Macrobii
1135 2435 1243 2518 capite
1266 2437 1418 2518 leguntur

240 2548 279 2611 de
300 2546 440 2610 Saturno
459 2543 610 2626 Iunoque,
635 2545 773 2610 colorem
795 2545 915 2610 habere
933 2545 1102 2629 Varronis,
1126 2546 1190 2612 etsi
1212 2567 1276 2613 non
1299 2567 1339 2612 ex
1361 2548 1415 2614 illo

232 2658 304 2740 ipso
328 2658 448 2722 hausta
469 2660 554 2721 sunt.
595 2655 763 2738 teguntur
786 2663 894 2722 autem
914 2656 960 2721 ibi
982 2657 1077 2722 haec
1100 2677 1226 2740 quoqne
1250 2658 1286 2741 (Ι,
1305 2662 1333 2742 7,
1351 2662 1415 2742 20),

233 2769 347 2851 quibus
374 2768 439 2833 iam
467 2767 649 2832 reducimur
677 2768 720 2832 ad
750 2766 798 2850 id,
831 2769 915 2833 unde
946 2768 1083 2850 profecti
1115 2789 1241 2853 sumus,
1275 2770 1344 2837 scil.
1375 2772 1415 2838 ad

319 2991 344 3059 ¹)
365 2989 442 3055 Quod
461 3006 493 3042 eo
505 2989 566 3041 loco
579 2988 713 3041 Saliorum
727 2989 849 3041 carmina
867 2989 989 3042 citantur
1008 2989 1125 3058 aFest0‚
1145 2994 1415 3046 commemorandum

230 3083 272 3132 est
290 3078 324 3130 de
342 3076 410 3130 Iano
429 3092 537 3142 quoque
556 3075 711 3128 Varronem
729 3075 777 3127 illa
795 3076 928 3128 laudasse.
967 3075 1006 3128 uf.
1027 3075 1160 3130 Schwam.
1180 3079 1196 3130 l.
1215 3079 1231 3130 l.
1252 3098 1277 3148 p.
1296 3081 1380 3147 429‚3.

319 3182 343 3250 ²)
363 3181 453 3232 Aliam
472 3183 568 3232 contra
586 3178 708 3231 eiusdem
727 3179 766 3232 rei
784 3179 994 3249 explicationem
1015 3180 1134 3233 Macrob.
1148 3182 1170 3247 Ι,
1189 3183 1213 3249 8,
1231 3183 1247 3232 9
1265 3184 1414 3252 proposuit.

319 3285 343 3353 ³)
363 3283 406 3337 sic
434 3283 609 3336 scribendum
628 3282 745 3335 videtur.
788 3283 827 3336 Of.
846 3283 959 3337 Jordan.
980 3301 1022 3352 ap.
1041 3283 1153 3338 Preller.
1173 3286 1258 3353 myth.
1278 3286 1357 3342 Rom.
1378 3288 1414 3355 II,

233 3373 274 3436 12,
294 3371 356 3424 adn.

320 3476 344 3543 ⁴)
364 3473 439 3525 Alibi
458 3471 625 3525 Stercutium
648 3473 786 3526 diversum
809 3491 868 3526 esse
888 3491 903 3525 a
921 3473 1038 3525 Saturno
1057 3474 1172 3541 legimus
1193 3475 1265 3544 apud
1283 3475 1414 3529 Varronis

232 3579 340 3630 quoque
359 3561 531 3629 expilatores.
572 3559 646 3612 Lact.
666 3561 693 3624 I,
716 3562 762 3628 20,
781 3562 821 3612 36.
858 3559 971 3612 Tertull.
992 3559 1026 3611 ad
1045 3564 1100 3612 nat.
1119 3560 1160 3628 ΙΙ,
1179 3562 1195 3611 9
1218 3562 1254 3629 (p.
1275 3562 1337 3626 112,
1361 3565 1413 3631 26),

232 3649 285 3702 Sed
304 3647 448 3700 adnotasse
467 3646 619 3698 Varronem
638 3647 756 3700 eundem
779 3646 871 3715 putari
897 3650 1045 3713 utrumque
1072 3646 1153 3699 deum
1172 3645 1341 3714 Augustinus
1360 3649 1377 3700 l.
1396 3650 1412 3700 l.

231 3738 357 3788 testatur.

320 3837 343 3904 ⁵)
363 3835 441 3902 Quod
468 3836 637 3903 Augustinus
665 3837 843 3905 Stercntinm,
872 3837 1027 3889 Macrobius
1051 3836 1207 3889 Stercutum
1230 3842 1310 3890 vocat
1336 3840 1413 3891 illum

231 3924 322 3986 deum,
341 3940 372 3974 eo
391 3940 445 3974 non
465 3923 584 3975 efficitur
603 3923 686 3975 aliurn
706 3927 845 3976 auctorem
862 3925 897 3976 ab
911 3924 997 3975 altero
1010 3923 1135 3998 exprimi,
1153 3941 1217 3975 nam
1236 3923 1412 3988 „Stercutus“

231 4009 390 4062 Lactantius
414 4027 521 4076 quoque
545 4010 561 4060 l.
581 4010 597 4060 l.
617 4009 736 4061 exhibet.
774 4009 901 4062 Ceterum
929 4028 984 4062 non
1012 4027 1066 4060 una
1089 4009 1177 4061 forma
1198 4009 1271 4062 illius
1295 4013 1413 4065 nominis

232 4095 384 4147 Varronem
403 4113 483 4146 usum
502 4112 560 4147 esse
580 4094 653 4148 Serv.
674 4096 707 4147 ad
727 4095 774 4148 Ge.
794 4096 820 4162 Ι,
838 4096 870 4147 21
891 4095 983 4163 docet,
1006 4112 1060 4161 quo
1077 4095 1138 4147 loco
1157 4096 1350 4149 Sterculinium
1368 4099 1414 4151 ille

232 4181 314 4234 deum
326 4181 442 4233 vocavit.
474 4180 662 4244 „Storcretius“
681 4186 791 4250 praeter
803 4181 987 4249 Augustinum
1006 4181 1078 4250 apud
1092 4180 1178 4234 Servii
1190 4181 1414 4251 interpolatorem

232 4267 352 4319 occurrit
375 4266 409 4318 ad
428 4266 495 4319 Aen.
514 4266 551 4333 X,
579 4269 626 4335 76,
653 4267 700 4319 ubi
724 4268 821 4335 verba,
849 4285 918 4334 quae
945 4267 1126 4336 praecedunt,
1153 4269 1187 4320 ab
1215 4268 1274 4338 ipso
1296 4269 1413 4324 Varroni

231 4353 398 4406 tribuuntur.
