3214 4942
665 336 876 398 -61-

183 522 253 589 doti
274 522 453 606 opinioni¹l
498 527 605 604 Atque
627 522 710 588 idem
735 523 774 588 de
798 520 926 589 Sabinis
951 539 968 586 e
991 520 1255 587 Lacedaemoniis
1279 521 1360 588 ortis

183 615 377 701 Plutarchus
398 633 502 714 (Nom.
518 639 548 704 lr
572 634 786 717 profert,qui
798 632 956 700 Varronis
971 632 1123 714 vestigiis
1147 652 1183 699 ec
1206 631 1363 715 incapite

183 745 406 827 ing1·editnr.²)
440 745 596 813 Zenodoti
619 749 727 812 autern
749 744 935 810 memoriam
957 763 1015 826 per
1040 743 1219 810 Varronem
1241 741 1362 826 Diony-

183 856 231 923 sio
259 856 442 924 innotuisse
471 877 570 939 snpra
598 864 639 938 (p.
662 857 716 930 57)
744 855 969 938 cognovimus:
997 856 1083 920 hunc
1109 853 1212 937 igitur
1240 875 1257 920 e
1281 855 1362 921 Var-

183 987 260 1034 rone
287 968 332 1034 ibi
365 970 504 1052 pendere
527 973 649 1034 certum
673 973 734 1035 est.
792 967 882 1046 Quod
910 985 980 1033 cnm
1007 966 1055 1032 ita
1078 967 1135 1048 sit,
1170 966 1362 1050 eDionysii

183 1080 411 1163 Plutarchique
442 1099 605 1146 consensu
635 1077 769 1145 Catonis
800 1097 925 1159 quoqne
959 1077 1157 1143 sententiam
1185 1077 1363 1144 Varronem
1458 1085 1461 1090 '

182 1192 360 1258 adnotasse
383 1191 547 1259 concludo.
584 1190 697 1272 ltaque
712 1189 890 1273 Dionysius
913 1194 970 1256 aut
991 1188 1149 1273 Zenodoti
1165 1188 1363 1271 Catonisque

182 1302 376 1369 mentionem
406 1322 424 1368 e
446 1303 593 1369 Varrone
616 1301 727 1369 hausit
750 1307 807 1368 ant
835 1337 868 1346 —
900 1304 999 1381 atque
1027 1300 1060 1364 id
1082 1299 1187 1381 magis
1211 1300 1289 1365 mihi
1312 1321 1362 1366 ar·

182 1413 277 1496 ridet,
305 1415 389 1495 qnod
411 1413 568 1496 ampliora
591 1411 743 1479 videntur
766 1412 948 1479 Catoniana
971 1413 1056 1493 apud
1079 1431 1149 1478 enm
1173 1411 1193 1476 l.
1210 1411 1243 1490 l.,
1267 1432 1361 1493 quam

184 1532 221 1590 ut
248 1544 266 1589 e
296 1524 440 1590 Varrone
469 1524 575 1591 omnia
608 1525 688 1589 haec
716 1525 882 1606 exscripta
910 1541 984 1588 esse
1016 1521 1086 1589 ueri
1115 1522 1219 1588 simile
1248 1523 1293 1588 sit
1321 1560 1362 1569 -

183 1636 350 1718 utriusque
377 1635 546 1717 opiniones
570 1655 640 1702 cum
670 1635 755 1717 apud
781 1634 957 1700 Varronem
985 1641 1252 1700 commemoratas
1275 1633 1364 1700 inve-

183 1746 303 1829 nisset,
327 1766 380 1828 eo,
410 1752 448 1813 nt
469 1747 573 1829 ipsum
598 1747 752 1813 Catonem
775 1745 951 1828 inspiceret
982 1751 1081 1827 atque
1104 1744 1279 1827 expilaret,
1309 1746 1364 1811 od-

183 1858 300 1924 ductus
329 1864 390 1923 est.
449 1857 583 1924 Catonis
612 1863 721 1924 antem
755 1858 793 1922 de
823 1856 1013 1923 Sabinorum
1041 1856 1143 1938 stirpe
1176 1855 1362 1922 memoriam

183 1973 356 2050 postquam
381 1969 588 2035 Plutarchum
612 1989 651 2034 ao
674 1968 865 2052 Dionysium
889 1988 906 2032 e
929 1968 1075 2033 Varrone
1098 1967 1292 2049 cognovisse
1314 1967 1362 2033 in·

184 2080 382 2164 telleximuS,
412 2100 481 2147 cum
506 2081 562 2147 Cn.
588 2079 725 2146 Gellium
753 2081 877 2145 abhoc
903 2098 1092 2160 expressum
1116 2099 1190 2145 esse
1215 2078 1249 2144 in
1273 2081 1364 2145 Sabi-

182 2211 296 2258 norum
319 2193 416 2258 rebus
445 2191 634 2258 enarrandis
661 2191 726 2256 iam
754 2211 854 2274 snpra
879 2189 972 2257 nobis
999 2190 1270 2273 persuaserimns,
1299 2211 1363 2256 non

275 2430 296 2498 ¹)
316 2429 385 2483 Sane
407 2429 461 2499 ipsi
486 2428 582 2482 Catoni
605 2430 679 2482 aliud
701 2429 847 2502 Dionysius
870 2429 975 2482 tribuit.
1014 2428 1089 2481 Dicit
1116 2429 1188 2482 enirn
1213 2429 1363 2482 secundum

183 2515 261 2568 illum
280 2533 296 2568 a
314 2515 396 2584 Sabe,
416 2515 496 2568 Sanci
513 2515 582 2582 filio,
601 2515 652 2568 deo
670 2515 759 2584 patrio
778 2513 892 2567 Sabinos
911 2515 1061 2583 appellatos
1084 2532 1154 2578 esse;
1177 2519 1237 2567 tum
1259 2517 1364 2584 pergit:

187 2603 254 2653 »ἔστι
273 2603 304 2653 ds'
321 2621 360 2661 τις
377 2604 421 2654 καὶ
445 2602 524 2661 ἄλλος
547 2599 610 2673 ὑπὲρ
632 2606 685 2654 τῶν
702 2607 828 2668 Σαβίνων
850 2601 879 2652 ἐν
901 2603 1027 2673 ἱστορίαις
1044 2601 1196 2672 ἐπιχωρίοις
1214 2601 1361 2673 λεγόμενος

184 2686 263 2757 λόγος
281 2685 316 2748 ὦς
333 2690 559 2760 Λακεδαιμονίων
576 2685 787 2752 ιἰιοικησιὶνιωικ(
807 2689 861 2751 etq.
881 2703 901 2738 s.
1330 2739 1331 2744 ,

270 2772 328 2838 Qua
346 2773 380 2826 de
398 2791 480 2826 causa
492 2773 625 2826 Iordanns
644 2772 774 2841 (prolegg.
794 2771 829 2822 ad
842 2771 973 2824 Catonem
991 2790 1017 2840 p.
1030 2771 1122 2824 XXVI
1141 2773 1191 2840 sq.)
1210 2774 1358 2828 arbitratus

183 2863 225 2911 est
247 2859 409 2927 Dionysium
435 2859 504 2912 nihil
525 2860 642 2912 relatum
667 2847 804 2910 invenisse
830 2857 903 2925 apud
927 2857 1057 2910 Catonern
1085 2857 1118 2910 de
1146 2858 1362 2922 Lacedaemonio

183 2944 272 3011 gentis
291 2949 415 3014 auctore,
439 2946 486 2998 sed
504 2944 619 3012 Vergilii
643 2942 817 2996 scholiastam
839 2961 984 3012 perperam
1002 2943 1105 3011 Hygini
1126 2975 1154 2982 -
1174 2945 1197 2997 is
1216 2945 1289 2997 enirn
1307 2946 1362 2998 lau·

185 3029 266 3082 datur
289 3031 385 3084 eodem
408 3031 562 3084 scholio-
585 3029 739 3082 doctrinam
761 3028 797 3080 M.
816 3028 913 3082 Porcio
935 3029 1093 3098 imputasse.
1129 3030 1182 3083 Sed
1204 3032 1304 3083 rectius
1328 3031 1361 3083 de

183 3115 307 3184 Dionysii
324 3117 583 3186 interpolatorisque
600 3118 666 3171 locis
683 3117 857 3170 Hermannus
876 3114 973 3168 Petrus
991 3115 1134 3169 iudicavit:
1155 3117 1202 3183 qui
1217 3122 1362 3184 utramque

183 3201 293 3270 famam,
312 3220 394 3270 quarn
413 3202 534 3271 prodidit
546 3204 701 3271 Dionysius,
720 3202 851 3255 eCatone
870 3201 981 3253 fluxisse
998 3201 1143 3269 minusque
1162 3207 1288 3256 accurate
1307 3203 1364 3255 sola

183 3288 275 3356 priora
293 3289 327 3340 ad
348 3288 457 3342 Catonis
477 3288 668 3342 auctoritatem
687 3289 774 3341 relata
791 3306 850 3340 esse
869 3304 917 3339 suo
935 3287 994 3340 iure
1013 3288 1125 3340 censuit.
1164 3287 1203 3340 cf.
1223 3288 1256 3341 H.
1272 3288 1362 3355 Peter,

182 3377 249 3427 vett.
268 3374 330 3428 hist.
345 3376 424 3428 Rom.
444 3374 520 3441 reliq.
540 3393 566 3443 p.
581 3374 713 3428 CXXXX.

271 3469 295 3536 ²)
316 3468 355 3520 Of.
374 3468 470 3521 Reuss.
489 3469 505 3522 l.
519 3469 535 3521 l.
554 3488 579 3538 p.
593 3471 634 3521 22.
670 3469 800 3521 Barthius
818 3487 844 3536 p.
857 3469 890 3520 26
908 3468 1028 3536 primum
1046 3467 1151 3522 Numae
1171 3472 1253 3536 caput
1272 3486 1287 3520 a
1305 3485 1327 3520 c.
1347 3469 1363 3519 8

183 3571 238 3605 non
262 3558 336 3606 recte
364 3555 490 3606 seiunxit.
526 3553 621 3622 Neque
645 3554 718 3606 enirn
741 3553 904 3606 Plutarchus
932 3554 1021 3622 capite
1049 3555 1151 3623 prime,
1179 3559 1210 3606 ut
1232 3555 1362 3607 Reussius

183 3639 285 3708 optime
304 3641 437 3708 exposuit,
456 3639 590 3693 infitiatur
607 3639 815 3692 similitudinem
834 3639 971 3706 quandam
989 3639 1158 3692 intercedere
1175 3640 1248 3693 inter
1266 3639 1364 3707 Pytha·

183 3742 264 3793 gorae
283 3724 443 3793 Numaeque
461 3731 619 3795 praecepta,
643 3725 691 3778 sed
708 3725 741 3778 iis
759 3730 868 3778 tantum
890 3725 1062 3793 adversatur,
1087 3726 1134 3793 qui
1152 3743 1245 3794 regem
1264 3726 1365 3779 disci-

183 3812 294 3879 pulum
314 3811 396 3864 fuisse
414 3811 586 3880 Pythagorae
605 3811 657 3864 sibi
675 3817 874 3880 persuaserant.
912 3810 962 3863 Cui
986 3812 1026 3864 rei
1044 3830 1098 3864 non
1117 3816 1267 3880 repugnat,
1290 3812 1364 3879 quod

184 3897 272 3966 capite
291 3902 387 3950 octavo
406 3898 526 3965 singulas
550 3897 655 3964 colligit
677 3897 869 3950 similitudines
889 3896 933 3965 (cf.
954 3915 975 3951 c.
995 3899 1038 3966 22)
1062 3915 1223 3966 eorumque,
1248 3915 1364 3965 quorum

184 3982 348 4035 sententiam
367 3983 455 4052 capite
478 3984 567 4052 primo
590 3983 805 4052 improbaverat,
830 3989 1025 4036 commemorat
1048 3989 1217 4051 argumenta.
1255 3984 1307 4036 Sed
1330 4002 1364 4036 ne

184 4071 280 4124 octavo
299 4067 409 4136 quidem
429 4069 517 4137 capite
535 4069 622 4122 tacuit
640 4070 733 4122 multis
753 4069 944 4123 controversiis
968 4087 1028 4122 eam
1046 4087 1105 4122 rem
1130 4071 1276 4124 obnoxiam
1296 4090 1362 4125 esse.

184 4153 242 4206 Hoc
270 4159 361 4207 autern
388 4159 470 4221 caput
497 4172 511 4206 e
538 4154 661 4208 Varrone
689 4157 821 4223 originem
849 4156 985 4224 accepisse
1004 4156 1096 4208 Herm.
1112 4156 1209 4209 Petrus
1238 4156 1362 4225 (Quellen

184 4239 335 4292 Plutarchs.
354 4259 379 4309 p.
394 4241 453 4308 164)
473 4241 538 4292 satis
557 4241 691 4308 probavit.
722 4241 799 4306 Quod
818 4242 851 4294 de
871 4233 982 4294 Castore
1001 4259 1108 4310 quoque
1127 4242 1199 4295 idem
1213 4244 1256 4295 vir
1268 4244 1363 4298 doctus

185 4326 323 4394 cogitavit,
342 4326 375 4378 cf.
395 4326 489 4378 Barth.
509 4345 535 4394 p.
548 4329 589 4380 30.
