3214 4942
718 331 932 394 „38-

234 526 345 585 eeteros
366 520 448 586 ritus
469 520 726 602 superstitionum
748 541 881 584 suoruru
902 519 1084 600 speotoouto
1107 540 1227 602 quoque
1249 519 1417 602 retipr'ouis

233 631 360 697 uorur'ue
381 631 559 697 instituunt.
598 632 681 697 Iude
707 630 849 696 Rouour'
873 631 1037 696 arcessitos
1061 631 1196 714 artifices
1221 638 1417 714 mutuantur,

234 749 362 824 ternpus,
391 742 650 825 euuutr'utioueru,
677 750 713 808 ut
739 741 823 806 tutu
850 764 871 806 u
893 741 1003 824 Lutto,
1024 750 1221 808 ooooreutur.
1268 743 1332 808 Sed
1362 743 1419 808 etsi

241 853 343 919 Vurro
367 853 471 918 ludios
494 877 516 919 o
531 853 615 936 tudo,
638 853 660 919 t.
675 876 698 919 e.
717 877 738 917 o
761 853 842 935 lustr,
863 851 1097 936 iuterpretatur,
1121 854 1202 918 siout
1216 861 1244 919 et
1258 854 1420 936 Lupercos

235 964 339 1029 ludios
362 964 579 1047 uppettobout,
615 967 698 1048 quod
720 963 855 1030 tudeudo
879 964 1071 1047 disurrruut,
1095 971 1200 1030 turueu
1223 987 1293 1030 euru
1314 965 1420 1031 tursuru

234 1076 383 1141 tuoeuuru
405 1084 434 1142 et
455 1076 564 1142 diebus
580 1077 677 1161 festis
699 1083 729 1141 et
749 1075 874 1158 templis
896 1083 925 1141 et
945 1075 1154 1160 redipiour'dus
1175 1083 1329 1158 reputet«

322 1203 405 1269 Sane
428 1205 546 1288 priora,
571 1223 653 1285 quae
676 1204 721 1268 ibi
743 1205 897 1285 leguntur
917 1205 1002 1286 apud
1019 1204 1263 1287 Tertullianum,
1287 1205 1418 1272 Timaeo

237 1315 422 1381 tribuuntur
451 1317 491 1379 ab
519 1315 601 1398 ipso,
636 1316 693 1380 sed
720 1335 792 1381 eum
821 1313 999 1381 adhibitum
1028 1335 1102 1380 esse
1129 1336 1149 1380 a
1173 1316 1325 1383 Suetonio
1349 1317 1421 1383 veri

237 1426 341 1491 simile
357 1446 420 1493 non
438 1432 499 1509 est⁷
521 1426 616 1492 immo
633 1447 692 1508 per
706 1426 883 1492 Varronem
901 1425 1000 1491 Siculi
1016 1425 1213 1492 sententiam
1230 1427 1420 1494 Suetonium

236 1536 430 1620 cognovisse
464 1539 564 1603 multo
598 1536 728 1603 videtur
763 1536 972 1618 probabilius
1019 1537 1064 1602 Cf.
1085 1537 1254 1621 Wissowa‚
1284 1539 1420 1606 Hermes

235 1647 337 1730 llel,
353 1668 383 1729 p.
400 1651 452 1732 41,
470 1653 499 1713 1.
545 1648 718 1713 Praeterea
736 1648 914 1714 Varronem
937 1667 1062 1729 quoque
1086 1648 1294 1714 coniunxisse
1310 1649 1419 1732 Lydos

236 1778 274 1824 ao
295 1759 400 1825 ludios
417 1762 574 1842 probatur
590 1780 610 1824 a
627 1757 729 1825 Nonio
747 1780 775 1841 p.
791 1761 863 1840 530,
880 1763 930 1824 tl.
970 1761 1082 1842 »Quod
1104 1761 1189 1826 tudio
1206 1761 1304 1843 pueri
1322 1784 1419 1843 prue-

235 1871 318 1936 sutes
339 1880 438 1938 esseut
456 1872 565 1955 ptudri
589 1894 637 1938 oe
650 1872 766 1954 depiles
782 1879 915 1954 propter
938 1879 1080 1954 aetutem,
1104 1893 1182 1954 quos
1205 1871 1335 1954 autiqui
1358 1874 1419 1938 Ro-

235 1983 327 2048 uoui
339 1985 460 2067 ludios
477 1985 693 2066 uppettubout,
717 1991 751 2048 ut
770 1991 814 2049 est
827 1983 863 2048 r'u
880 1983 960 2048 libro
976 1983 1005 2048 I.
1019 1983 1176 2048 Vurrour's
1192 1985 1229 2048 rte
1245 2007 1271 2049 o.
1279 2006 1315 2065 p.
1327 1985 1387 2049 u«
1397 1983 1418 2056 1)

322 2111 466 2194 Accedit,
491 2113 575 2192 quod
591 2131 662 2177 eam
679 2112 854 2177 Tuscorum
877 2111 1016 2177 nominis
1038 2110 1297 2194 explicationem,
1323 2133 1419 2193 quam

237 2223 368 2287 Servius
392 2222 557 2304 amplexus
574 2230 624 2288 est
635 2217 659 2287 l.
673 2223 704 2304 1.,
719 2221 898 2288 Varronem
914 2221 1122 2304 proposuisse
1141 2223 1418 2290 Reitzensteinius

237 2333 383 2412 (Hermes
407 2333 480 2416 XX,
498 2337 572 2409 536)
596 2354 613 2399 6
637 2335 732 2400 Plinii
755 2333 891 2414 111150)
916 2333 1071 2414 Festique
1094 2337 1138 2414 (p.
1157 2335 1419 2416 3556111601-

238 2465 336 2510 sensu
358 2452 446 2510 reete
469 2445 639 2527 collegit.²)

323 2566 541 2647 luterpolator
558 2565 662 2632 Servii
685 2567 726 2631 ad
743 2569 820 2630 Aen.
839 2565 860 2647 1,
879 2567 929 2647 61,
953 2585 1144 2646 quamquam
1168 2567 1265 2648 paulo
1281 2569 1416 2650 propius

238 2677 364 2743 aceedit
386 2677 418 2742 in
448 2677 586 2761 singulis
615 2679 657 2742 ad
682 2676 836 2742 Herodoti
863 2676 1059 2758 memoriam,
1094 2683 1203 2742 tamen
1232 2681 1344 2744 eudem
1374 2699 1418 2759 re,

239 2810 302 2871 qua
324 2789 483 2871 genuinus
501 2789 643 2872 Servius,
668 2788 823 2854 dissentit
846 2791 887 2854 ab
910 2788 976 2870 illo,
1001 2789 1165 2855 consentit
1186 2809 1257 2855 oum
1274 2787 1419 2857 Timaeo-

241 2901 399 2966 Varrone:
436 2900 503 2966 soil.
528 2900 582 2966 ille
609 2900 681 2982 ipse
709 2920 834 2982 quoque
861 2901 1060 2982 'lyrrhenum
1083 2901 1270 2982 Lydumque
1298 2900 1419 2967 fratres

239 3014 279 3078 de
300 3032 402 3095 regno
427 3011 564 3078 sortitos
588 3031 661 3078 esse
685 3012 796 3076 refert.
842 3011 932 3076 Duas
956 3010 1058 3092 igitur
1081 3010 1257 3078 relationes
1274 3013 1420 3078 fortasse

239 3123 474 3190 contaminavit
498 3121 730 3197 solioliastes.³)

325 3245 372 3310 De
405 3243 490 3310 ludis
528 3243 560 3308 iu
594 3243 676 3308 libro
711 3244 750 3308 de
784 3242 997 3324 vita'populi
1033 3244 1166 3308 Romani
1200 3243 1213 3308 l
1243 3243 1418 3310 Varronem

240 3356 362 3422 dixisse
386 3376 485 3437 supra
508 3355 656 3437 vidimus,
685 3353 875 3420 'l'ertulliani
898 3359 1006 3420 autem
1029 3354 1120 3420 loeus
1143 3355 1253 3436 aptius
1276 3356 1420 3421 refertur

240 3469 281 3534 ad
303 3487 365 3532 161.
390 3468 453 3534 div.
478 3464 694 3547 antiquitates
719 3465 849 3543 (111).)

330 3672 352 3739 1)
381 3671 420 3724 of.
434 3671 545 3737 Dionys.
558 3668 596 3736 ΙΙ,
615 3670 656 3737 71,
674 3671 698 3722 3.
734 3669 824 3722 Valer.
844 3669 915 3724 Max,
930 3669 967 3738 ΙΙ,
985 3671 1010 3738 4,
1028 3672 1053 3722 4.
1089 3670 1214 3739 Krieger,
1242 3671 1341 3737 quibus
1364 3669 1420 3722 fon-

240 3759 313 3812 tibus
331 3757 456 3810 Valerius
476 3756 547 3808 Max.
566 3773 631 3808 usus
658 3755 694 3807 sit
720 3755 749 3807 in
776 3755 814 3808 eis
837 3755 969 3824 exemplis
993 3756 1159 3820 enarrandis,
1188 3775 1257 3823 quae
1276 3756 1310 3808 ad
1328 3754 1419 3824 priora

240 3862 292 3899 rer.
312 3843 389 3896 Rom.
409 3847 534 3910 tempora
555 3841 701 3910 pertinent.
737 3841 828 3901 Berol.
841 3843 915 3895 1888,
935 3861 960 3911 p.
973 3844 1015 3894 49.

329 3949 353 4015 Ι1)
371 3946 449 4000 Idem
467 3944 649 4011 veriloquium
668 3963 709 4013 ap.
723 3945 834 4013 Dionys.
849 3963 956 4012 quoque
975 3946 997 4010 Ι,
1009 3948 1079 4014 30,3
1098 3964 1149 4000 neo
1167 3964 1222 3998 non
1241 3946 1313 4014 apud
1333 3943 1418 3998 Servii

241 4034 396 4102 interpolat.
416 4033 483 4085 Aen.
497 4031 531 4099 X,
550 4032 607 4083 164.

331 4128 354 4195 3)
373 4126 525 4180 Tuscorum
543 4144 643 4180 nomen
662 4127 741 4180 aliter
760 4131 841 4194 atque
860 4127 948 4180 Varro
966 4127 1005 4180 ibi
1023 4127 1203 4195 interpolator
1222 4125 1374 4195 explicavit.

330 4232 354 4299 ⁴)
373 4231 532 4284 Krahnerus
551 4231 720 4299 (Zeitsohrift
738 4231 756 4283 f.
769 4230 992 4284 Altortumswiss.
1007 4231 1081 4296 1852,
1100 4249 1125 4298 p.
1135 4232 1196 4298 409)
1216 4247 1230 4282 e
1248 4230 1265 4281 l.
1278 4228 1318 4281 IX
1330 4231 1417 4279 totum

243 4316 405 4370 Tertulliani
424 4323 505 4386 eaput
524 4317 650 4384 quintum
669 4335 809 4370 emanasse
827 4317 931 4384 maluit,
950 4317 997 4370 sed
1015 4317 1047 4368 iis
1067 4316 1185 4383 quidem,
1205 4333 1274 4384 quae
1293 4315 1325 4367 de
1337 4311 1417 4365 ludiis
