3214 4942
712 336 839 434 -.75
884 369 924 380 .-

312 521 346 587 10
375 521 640 588 adnotationibus
666 520 835 587 Strabonis
864 522 1036 588 uouuullos
1065 525 1154 590 locos
1183 523 1236 588 lric
1258 519 1327 590 illic
1351 527 1410 590 ad·

229 631 427 714 scripsimus,
484 635 531 698 Ac
553 631 635 698 mira
666 632 822 713 quaedam
854 632 1029 700 similitudo
1054 634 1184 700 exstitit
1210 641 1308 718 atque
1331 637 1410 702 erni-

228 743 300 810 nuit
327 743 413 809 inter
440 745 663 827 geographum
691 743 945 827 scriptoresque,
981 765 1061 826 quos
1085 745 1152 811 dixi
1178 746 1408 814 Varronianos.

228 857 290 921 Sed
319 875 389 922 oum
416 855 503 920 inter
530 854 699 921 Strabonis
727 859 878 921 stratores
903 855 1080 923 Varronem
1111 877 1176 924 non
1203 858 1304 924 1111110
1332 856 1411 925 con·

228 965 333 1048 stet¹l,
358 986 466 1033 eorum
489 970 664 1033 concentus
688 965 845 1047 explicari
867 986 931 1033 non
947 972 1067 1051 potest,
1089 967 1154 1035 nisi
1175 971 1351 1037 statuimus
1374 975 1411 1037 et

124 1113 127 1122 ‹
228 1079 420 1144 Strabonem
443 1082 477 1143 et
502 1077 680 1144 Varronem
713 1096 753 1142 ex
780 1096 843 1143 uuo
867 1079 1041 1160 eodemque
1069 1079 1161 1146 fonte
1184 1081 1334 1148 hausisse
1357 1101 1410 1164 aa,

227 1189 343 1271 quibus
372 1188 555 1254 concinunt.
611 1189 724 1270 ltaque
758 1187 823 1253 iam
856 1191 1073 1272 quaerendum
1100 1196 1167 1276 est,
1202 1192 1274 1276 quis
1307 1193 1411 1260 fuerit

227 1299 403 1367 communis
425 1298 480 1364 ille
503 1299 673 1381 utriusque
696 1305 820 1367 auctor.

314 1412 513 1495 Tyrrhenum
537 1411 725 1494 Lydumque
748 1412 869 1478 fratres
898 1413 937 1478 de
960 1413 1121 1496 Lydorum
1143 1434 1244 1497 regno
1269 1416 1410 1484 sortitos

227 1525 364 1590 alterum
395 1523 429 1588 in
461 1521 570 1604 patria
596 1523 812 1607 remansisse,
847 1525 983 1590 alterum
1015 1524 1047 1592 in
1071 1525 1198 1592 ltaliam
1227 1528 1409 1610 profectum

227 1655 301 1701 esse
329 1634 433 1700 Varro
466 1639 499 1700 et
528 1635 644 1700 Strabo
677 1643 900 1704 narraverunt
932 1637 985 1716 (cf.
1009 1657 1040 1718 p.
1057 1639 1121 1712 117).
1177 1638 1263 1704 ldem
1297 1644 1411 1706 autem

225 1751 356 1828 praeter
379 1745 524 1812 Servium
549 1745 767 1812 Tertullianus
791 1747 965 1830 exscripsit
988 1767 1005 1812 e
1031 1747 1176 1814 Varrone
1200 1757 1241 1832 (p.
1260 1753 1324 1834 37),
1349 1753 1413 1818 sed

225 1859 280 1923 1110
303 1858 430 1939 quidem
455 1877 518 1922 non
542 1858 626 1922 hunc
650 1858 764 1941 solum,
789 1860 846 1924 sed
863 1859 961 1924 etiam
978 1877 1049 1924 eum
1067 1865 1232 1927 auctorem
1248 1863 1410 1946 laudavit,

228 1989 321 2051 quem
344 1969 416 2052 ipse
440 1969 543 2034 Varro
566 1969 694 2035 videtur
717 1969 919 2052 expressisse
943 1975 977 2035 et
1000 1972 1122 2037 citasse
1147 2009 1184 2018 —
1206 1973 1408 2040 Timaeum.

228 2083 334 2162 Atque
358 2082 454 2164 plane
478 2081 611 2146 eaodem
634 2080 777 2146 fabulam
794 2081 935 2148 Tuetzes
959 2101 1084 2164 quoqne
1104 2083 1252 2150 tradidit.
1288 2085 1347 2163 Qui
1364 2087 1410 2151 ad

227 2193 383 2275 LyCOler.
392 2195 471 2256 1351
482 2191 737 2261 haecexhibet²l:
755 2217 768 2249 ν
778 2193 985 2275 Τυρσήνὺςκαὶ
995 2191 1408 2280 ΛυδδςἍτοοςπαῖδεςήσαν,

225 2307 277 2364 τοῦ
293 2302 400 2364 Λυδῶν
411 2303 573 2381 βασιλέως.
596 2305 681 2384 λιμοῦ
695 2302 729 2362 δὲ
741 2304 947 2387 κατασχόντος
959 2305 1010 2386 τήν
1020 2285 1133 2366 dodiau
1146 2311 1265 2388 πρῶτον
1277 2309 1410 2375 παιδιαῖς

226 2416 391 2498 ἐπειρῶντο
412 2421 595 2499 παρήγορεῖν
613 2414 751 2488 ἑαυτοὺς,
776 2415 964 2496 ἐφευρόντες
980 2420 1115 2500 σφαίρας
1129 2421 1179 2478 καὶ
1195 2420 1409 2501 ἀστραγάλους

224 2530 274 2588 καὶ
302 2528 405 2594 λοιπὰς
432 2528 559 2592 παιδιὰς.
606 2527 648 2593 ὡς
674 2525 708 2586 δὲ
743 2527 955 2608 περιγενέσθαι
989 2531 1041 2588 τοῦ
1068 2532 1162 2590 κακοῦ
1194 2532 1323 2596 παιδιαῖς
1350 2531 1409 2591 οὐκ

225 2638 381 2723 ήδύναντο,
405 2639 612 2722 διαιρεθέντες
635 2641 679 2704 εἰς
701 2637 754 2698 δύο
777 2640 875 2720 κρίσει
898 2642 950 2698 τοῦ
974 2643 1089 2722 πατρὸς
1110 2643 1299 2724 κληροῦνται,
1324 2641 1407 2704 ὥστε

224 2752 294 2818 τοὺς
319 2751 376 2834 ρὲν
398 2753 500 2834 μένειν
525 2751 556 2810 ἐν
581 2747 688 2830 Λυδίᾳ,
713 2751 783 2815 τοὺς
805 2748 983 2835 δ’ἀπαιρειν
1008 2756 1051 2819 εἰς
1079 2751 1256 2832 ducatum).
1301 2756 1408 2815 πεσόν·

225 2887 276 2928 τος
299 2861 384 2924 δ’ἐπὶ
413 2864 563 2946 Τυρσηνὸν
587 2863 639 2920 τοῦ
662 2862 774 2943 κλήρου
798 2867 851 2944 τής
873 2863 1023 2936 ἀποικίας,
1053 2866 1105 2926 σὺν
1133 2872 1195 2931 τοῖς
1220 2861 1285 2947 μετ’
1312 2865 1409 2926 αὐτοῦ

226 2975 347 3056 ἀπαιρει
377 2977 452 3056 πρὸς
473 2972 595 3034 Ἰταλίαν
624 2975 673 3032 καὶ
700 2975 952 3056 καταπολεμήσας
975 2977 1055 3041 τινὰς
1078 2981 1136 3037 τῶν
1161 2976 1261 3036 ε’κεῖσε
1285 2979 1335 3036 καὶ
1358 3001 1410 3038 πε-

223 3087 419 3168 ριγενόμενος
440 3087 489 3144 καὶ
514 3085 634 3167 νικήσας
655 3083 811 3162 βασιλεύει
834 3091 887 3168 τής
905 3087 1016 3170 χώρας
1035 3089 1085 3147 καὶ
1107 3089 1271 3172 Τορσήνιάν
1295 3087 1409 3172 ταύτην

226 3197 399 3258 exulantem«

310 3309 457 3391 Apparet
484 3307 586 3390 igitur
612 3314 756 3375 veterem
780 3307 994 3374 scholiastam
1022 3329 1042 3374 a
1065 3309 1188 3376 Tuetue
1216 3330 1407 3393 expressum

225 3557 328 3610 Solimo:
349 3557 449 3625 quippe
469 3557 515 3623 qui
532 3556 710 3608 inventum
728 3573 787 3608 esse
803 3555 950 3608 Caeculum
966 3557 1166 3625 aDigidiorum
1185 3557 1331 3625 sororibus,
1350 3575 1407 3610 non

223 3643 303 3695 unius
327 3661 361 3694 ex
383 3642 415 3693 iis
437 3640 524 3693 filium
548 3640 632 3694 fuisse
654 3634 813 3695 narrauerit.
850 3641 891 3694 De
911 3641 1021 3696 Catonis
1046 3643 1179 3697 relatione
1203 3643 1236 3696 of.
1256 3643 1407 3696 Iordanum

224 3749 252 3798 p.
265 3728 366 3781 XLIII.

316 3817 337 3882 ¹)
357 3814 558 3867 Oehmichenus
577 3813 653 3882 (plin.
674 3812 748 3866 Stud.
768 3833 793 3882 p.
807 3813 840 3865 58
853 3814 931 3882 squ),
949 3818 981 3866 ut
993 3813 1144 3882 Agrippam
1161 3833 1217 3867 non
1236 3832 1294 3868 esse
1312 3814 1407 3868 choro·

225 3901 360 3970 graphum
384 3918 399 3952 a
417 3899 551 3952 Strabone
572 3899 714 3952 laudatum
737 3900 802 3951 satis
826 3899 930 3967 docuit,
953 3901 992 3952 ita
1014 3917 1068 3952 non
1092 3900 1290 3953 demonstravit
1307 3899 1406 3954 Varro-

225 4005 287 4038 nem
311 4003 368 4038 esse
390 3986 468 4037 illurn
492 3988 631 4038 auctorem
659 4002 832 4052 anonymum.
871 3986 910 4038 of.
936 3986 1059 4055 Gruppe‚
1087 3986 1151 4055 phil.
1171 3986 1404 4040 Woohenschrift.

226 4073 300 4139 1881,
318 4091 344 4140 p.
359 4072 416 4124 110.

312 4161 332 4224 ²)
350 4157 400 4211 Ed.
422 4157 483 4210 Chr.
505 4157 536 4210 G.
556 4157 677 4210 Mueller.
717 4156 789 4224 Lips.
811 4158 884 4211 1811.

314 4246 337 4312 ³)
357 4243 468 4296 Tzetzes
491 4259 599 4311 quoqne
621 4242 716 4294 filios
738 4241 824 4310 Atyos
847 4243 957 4296 sortitos
980 4261 1038 4296 esse
1061 4245 1197 4313 narravit,
1218 4262 1274 4297 non
1296 4249 1404 4315 patrem

225 4328 460 4398 Tyrrhenumque,
479 4333 510 4381 ut
528 4327 683 4382 Herodotus
701 4329 829 4399 prodidit.
867 4328 907 4383 df.
925 4349 952 4400 p.
965 4331 1006 4400 37,
1024 4333 1048 4383 3.
