3214 4942
685 349 890 410 ...15-

202 539 256 602 ceo
279 537 446 610 (Saturno)
477 542 551 601 oute
574 533 686 599 bellam
713 534 892 600 Troianum
919 535 1057 616 uidetur,
1093 535 1172 617 quio
1201 538 1291 617 opud
1316 558 1386 601 eom

197 649 384 732 supplicant
405 647 526 730 opertis
549 645 716 728 capitibus.
755 647 844 710 Nom
866 646 978 711 Italici
1001 653 1126 712 auctore
1140 648 1252 713 Aeaeo
1274 648 1383 713 volout

201 761 326 844 capitu,
354 761 439 842 quod
464 758 509 840 is,
544 779 701 824 mirarem
728 757 875 823 diuinam
891 759 1016 842 fuceret
1041 760 1077 825 iu
1102 759 1192 824 litore
1213 760 1387 825 Laurentis

202 872 277 955 apri
295 871 411 937 Veneri
426 870 532 952 moiri,
549 891 588 935 ue
605 871 644 935 ab
667 869 759 936 Ulixe
775 869 917 953 counitus
932 870 1172 953 interrumperet
1184 871 1387 954 sucrificium,

204 990 303 1064 caput
325 981 492 1063 adoperuit
513 988 606 1062 atquo
627 981 676 1046 itu
699 989 893 1063 conspectum
916 981 1013 1048 bostis
1036 982 1192 1049 evitavit«

295 1093 382 1171 Quae
410 1111 426 1157 e
456 1091 600 1157 Varrone
628 1091 790 1174 prodiisse
819 1091 989 1188 exipsius
1018 1092 1190 1175 VarroniS,
1225 1093 1385 1177 Dionysii,

210 1204 390 1287 Plutarchi,
417 1203 588 1286 Macrobii,
613 1203 804 1269 Tertulliani
828 1223 989 1270 consensu
1011 1204 1137 1287 colligo.
1185 1204 1230 1269 Of.
1255 1210 1387 1286 praeter

208 1317 295 1382 locos
317 1335 414 1398 supra
437 1317 480 1396 (p.
499 1318 518 1378 6
541 1320 576 1379 et
599 1316 673 1381 adn.
691 1318 719 1397 3,
733 1320 765 1394 4)
790 1315 927 1382 collatos
940 1315 1035 1417 'Plut
1053 1337 1081 1396 q.
1100 1315 1134 1381 R.
1149 1320 1198 1380 ll.

290 1427 356 1492 lam
380 1428 460 1492 haee
483 1426 719 1493 intelleximus:
744 1426 848 1492 Servii
864 1429 965 1493 verba
989 1426 1040 1510 ul,
1055 1431 1130 1506 166)
1154 1434 1308 1510 corrupta
1324 1449 1386 1495 nou

206 1544 281 1606 suut
296 1540 456 1620 planeque
473 1539 647 1605 concinunt
663 1559 733 1604 oum
746 1538 921 1604 Plutarcho
939 1544 972 1603 et
986 1538 1151 1622 Dionysio.
1175 1540 1252 1605 lude
1268 1544 1387 1624 autem,

205 1652 290 1732 quod
315 1650 480 1732 Vergilius
508 1650 563 1716 illo
587 1652 674 1734 loco,
702 1637 861 1731 adquam
887 1650 1065 1716 Varronem
1094 1651 1270 1734 exscripsit
1297 1655 1388 1718 scho-

204 1765 333 1846 liastes
349 1763 504 1830 Helenum
517 1762 691 1845 induxerit,
709 1761 856 1828 concludi
871 1782 934 1827 non
948 1767 1060 1844 potest
1073 1763 1249 1829 Varronem
1264 1785 1388 1845 quoque

207 1876 238 1940 ei
259 1875 350 1940 illum
372 1874 471 1940 ritum
494 1874 660 1957 tribuisse,
688 1874 783 1941 immo
808 1874 951 1956 Servius,
980 1873 1066 1940 sicut
1089 1875 1206 1957 ceteri,
1235 1875 1310 1958 ipsa
1331 1877 1388 1942 illa

210 1987 378 2053 occasione
400 2006 522 2052 morem
549 1987 658 2053 velato
687 1985 795 2069 capite
824 1986 1029 2052 sacrificandi
1058 1987 1225 2052 inventum
1250 2007 1323 2053 esse
1347 1991 1387 2054 ab

212 2101 320 2164 Aenea
341 2098 470 2165 videtur
492 2117 635 2163 narrare.

296 2212 384 2289 Quae
408 2230 479 2276 oum
501 2209 550 2275 ita
574 2208 650 2292 siut,
675 2210 841 2276 Plutarchi
853 2211 875 2289 ¹)
898 2231 937 2276 ao
962 2210 1110 2294 Dionysii
1133 2211 1322 2277 relationem
1347 2213 1389 2278 ad

211 2325 346 2390 eundem
368 2327 467 2403 atque
490 2321 595 2388 Servii
619 2326 794 2406 auctorem,
818 2322 838 2386 i.
856 2341 883 2387 e.
908 2324 948 2388 ad
964 2323 1151 2407 Varronem,
1175 2324 1281 2390 redire
1304 2325 1387 2390 satis

209 2435 415 2518 perspicuum
438 2437 500 2499 est.
535 2433 689 2516 Itemque,
705 2433 903 2512 Plutarchi)
923 2435 1090 2516 Serviique
1112 2454 1273 2501 consensu
1288 2435 1388 2518 nisus,

210 2547 325 2612 ultima
351 2545 446 2612 huius
476 2547 575 2613 verba
604 2545 668 2628 (lll,
685 2549 761 2615 407)
789 2569 884 2612 »saue
906 2582 947 2592 —
967 2547 1140 2613 uideretur«
1167 2547 1240 2628 ipsa
1264 2567 1389 2628 quoque

208 2657 370 2724 Thilonem
395 2662 527 2724 secutus
552 2656 654 2722 eidem
683 2657 837 2740 scriptori
859 2657 1045 2732 adiudico.)
1086 2657 1151 2723 Nec
1174 2656 1279 2724 miuus
1303 2660 1388 2724 hurle

210 2769 342 2836 eundem
371 2770 412 2834 ad
440 2773 605 2834 auc-torem
634 2768 778 2850 pertinet
802 2769 908 2836 Servii
935 2769 1085 2851 interpol.
1111 2770 1189 2834 Aen.
1215 2768 1267 2852 lll,
1285 2771 1386 2864 llll),

297 2974 318 3041 ¹)
338 2973 416 3038 Quod
433 2973 591 3026 Glaesserus
618 2992 643 3041 p.
664 2973 713 3024 168
731 2991 787 3026 non
809 2974 1010 3041 neglegendum
1036 2991 1095 3026 esse
1120 2975 1271 3026 arbitratur
1298 2974 1386 3040 „quoii

207 3059 379 3124 Plutarchus,
393 3060 515 3128 quuruois
527 3058 592 3128 ipsis
604 3059 635 3112 ia
648 3049 735 3112 Aetiis
747 3059 885 3113 Roucauos
896 3077 983 3113 mores
995 3076 1054 3112 cum
1065 3059 1182 3115 Graccis
1194 3077 1351 3128 comparere
1364 3065 1390 3114 et

207 3164 240 3199 erc
257 3147 291 3200 iis
309 3146 432 3199 clericare
448 3146 566 3211 student,
584 3146 614 3198 id
632 3145 700 3213 quod
718 3145 803 3199 Varro
816 3145 889 3214 opud
902 3145 1072 3198 *macrobium
1085 3145 1167 3209 (locet,
1188 3147 1323 3200 Graecum
1336 3164 1390 3200 esse

207 3233 294 3301 cupite
312 3235 402 3302 operto
420 3232 593 3300 sacrificandi
610 3233 709 3297 ritum,
733 3231 840 3284 oucuiuo
863 3248 917 3284 uou
936 3234 1153 3296 comneno-ar,
1177 3250 1237 3284 eam
1255 3234 1390 3286 rationem

207 3335 290 3387 supra
308 3320 344 3388 (p.
365 3319 405 3386 12,
424 3321 451 3387 2)
470 3319 657 3372 refutavimus.

293 3405 446 3472 Castorem,
474 3405 550 3457 cuius
574 3405 725 3458 sententiae
744 3404 908 3457 Plutarchus
932 3405 1070 3470 meminit,
1099 3404 1255 3457 aVarrone
1275 3406 1390 3458 citatum

207 3490 289 3544 fuisse
317 3496 399 3558 atque
423 3492 456 3543 ab
484 3491 536 3543 hoc
559 3492 616 3544 eius
644 3509 744 3545 nomen
770 3492 848 3543 illum
875 3493 935 3558 (per
958 3489 1066 3558 Iubam)
1095 3491 1231 3558 accepisse
1260 3490 1389 3543 Barthius

206 3596 232 3646 p.
251 3578 282 3629 31
304 3578 363 3629 coll.
383 3577 452 3644 Aug.
471 3578 513 3644 21,
532 3578 548 3628 8
566 3579 746 3646 probabiliter
765 3577 887 3630 coniecit.

294 3664 318 3730 ²)
337 3663 408 3716 Plut.
432 3680 456 3729 q.
479 3664 512 3718 R.
536 3665 575 3716 10.
617 3664 651 3732 „a”
672 3666 778 3735 ,utilior
805 3659 1000 3732 εὐλαβούμενοί
1027 3682 1083 3714 τινα
1107 3660 1202 3730 φωνήν
1232 3669 1391 3732 προσπεσεῖν

206 3745 293 3808 αὐτοῖς
311 3751 414 3810 ἔξωθεν
437 3747 591 3820 εὐχομένοις
610 3747 737 3801 ιῖπαῖσιον
768 3751 812 3800 καὶ
842 3747 988 3818 δύσφημον
1014 3748 1078 3821 ἄχρι
1098 3752 1149 3800 τών
1180 3747 1253 3799 ὤτων
1275 3746 1390 3820 riustrip·

206 3841 292 3902 βανον
310 3833 336 3887 ui
356 3835 507 3906 ἱμάῑ·ιον.“’

295 3922 319 3989 ³)
339 3920 497 3974 Glaesserus
521 3920 536 3972 l.
554 3921 584 3986 l.,
608 3938 774 3987 quamquam
797 3938 876 3988 posse
899 3936 931 3972 ea
954 3918 1085 3971 Varronis
1111 3935 1169 3970 esse
1192 3936 1247 3970 non
1270 3920 1390 3988 negavit,

206 4011 298 4060 tamen
320 4007 401 4059 huius
425 4025 439 4059 e
461 4006 539 4058 libris
561 4010 648 4058 totam
672 4005 758 4058 Servii
782 4005 986 4058 adnotationem
1010 4003 1044 4055 au
1068 4003 1123 4070 III,
1145 4005 1194 4055 407
1219 4005 1389 4072 profluxisse,

206 4110 256 4161 pro
275 4097 350 4146 certo
369 4092 534 4145 contendere
556 4092 700 4144 dubitavit.

293 4181 317 4248 ¹¹)
336 4177 449 4231 Linkius
469 4179 513 4246 (de
532 4178 665 4231 Macrobii
678 4178 812 4231 Saturnal.
827 4177 892 4229 font.
914 4176 1036 4246 [Vratisl.
1057 4176 1133 4244 1880]
1152 4195 1177 4244 p.
1191 4177 1235 4240 22)
1255 4193 1268 4228 e
1288 4176 1389 4250 Maero-

205 4266 251 4317 bio
270 4284 302 4318 ea
320 4265 407 4334 petita
425 4283 483 4317 esse
502 4265 637 4333 opinatur.
669 4263 755 4316 Servii
774 4268 865 4315 autem
884 4262 1065 4330 interpolator
1076 4267 1169 4314 utrum
1188 4262 1298 4314 omnino
1317 4263 1390 4314 adhi-

206 4351 297 4404 buerit
315 4351 485 4403 Maorobium
504 4369 539 4402 an
552 4351 586 4402 ad
599 4351 717 4402 fontium
731 4349 949 4403 communionem
962 4347 1063 4414 ubique
1076 4347 1234 4399 referendus
1248 4349 1283 4400 sit
1296 4367 1390 4400 eorum
