3214 4942
735 356 927 422 hu..

330 539 399 624 Qua
423 548 462 612 de
485 566 520 611 re
543 545 687 611 iudicare
709 566 772 612 nou
791 544 979 628 poterimus
996 545 1060 610 nisi
1075 545 1176 627 prius
1199 543 1353 611 Macrobii
1368 546 1425 613 Sa·

245 658 420 724 turnalium
443 657 518 723 libri
540 656 635 740 primi
658 662 757 739 capuit
779 637 947 738 septimum
972 677 1033 738 quo
1057 677 1097 722 ex
1117 659 1250 723 auctore
1272 657 1424 740 pendeat,

246 769 488 849 quaesierimus.
740 845 744 852 ,

328 880 516 948 Afferuntur
538 879 583 946 ibi
606 881 798 963 (1,7,28r31
828 877 905 962 [rec.
922 877 1177 963 Eyssenhardt])
1199 880 1281 944 haec
1303 899 1321 943 e
1345 879 1425 944 Var-

241 1010 320 1057 rone
344 991 585 1073 (=antiq.1·er.
603 992 688 1057 hum.
706 992 754 1057 ed.
773 990 901 1057 Mirseh.
919 990 939 1054 l.
954 990 992 1074 ll,
1007 991 1046 1056 fr.
1061 994 1109 1067 ll:

332 1104 499 1187 »Peluspi,
528 1103 610 1169 sicut
630 1104 732 1168 Varro
754 1109 914 1185 metueret,
943 1124 1011 1168 curn
1033 1103 1159 1169 sedibus
1180 1103 1248 1168 suis
1264 1102 1357 1185 pulsi
1380 1103 1425 1168 di-

243 1237 352 1280 uersus
374 1223 475 1281 terres
489 1215 651 1297 petissent,
675 1219 892 1299 confluxerunt
906 1215 1054 1298 plerique
1068 1215 1241 1280 Dodouoru
1263 1222 1292 1280 et
1310 1215 1425 1280 incerti

241 1326 356 1406 quibus
378 1327 544 1392 haererent
565 1326 650 1408 locis,
674 1326 829 1392 eiusmodi
852 1347 996 1408 occepere
1017 1348 1221 1408 responsuro:

396 1440 556 1522 ,,στει’χετε
578 1439 739 1519 μαιόμενοι
763 1439 894 1497 Σικελῶν
918 1435 1103 1519 Encolpius
1127 1437 1195 1498 αἶαν

397 1546 441 1632 ἡδ’
466 1546 871 1631 Ἀβαμειγενεῶν,Ἀἰντῦλαν,
897 1547 931 1608 αὖ
957 1554 1048 1614 νᾶσος
1070 1550 1196 1632 ὀχεῖται,

398 1660 443 1725 οἷς
466 1660 686 1746 ἀναμιχθένεες
708 1662 837 1744 δεκάτην
861 1659 1030 1742 ἐκπέμπετε
1059 1659 1161 1742 Φοίβῳ

395 1774 445 1832 καὶ
468 1773 606 1854 κεφαλὰς
623 1771 699 1854 ‘lledp
722 1774 772 1832 καὶ
795 1775 838 1852 τῷ
862 1773 950 1853 auspi
974 1771 1106 1852 πέμπετε
1131 1777 1219 1853 φῶτα

243 1908 429 1984 osculoque
450 1908 530 1967 sorte
554 1923 621 1967 eum
643 1902 775 1967 Latium
792 1907 868 1982 post
888 1921 1008 1966 errores
1029 1900 1191 1982 plurimos
1214 1901 1423 1984 appulissent,

244 2013 281 2078 ia
310 2012 383 2078 locu
409 2011 578 2078 Cutilieusi
605 2020 733 2079 enatum
759 2012 902 2077 insulani
931 2013 1208 2094 deprehenderunt.
1253 2013 1424 2095 Amplissi-

242 2146 311 2189 ruus
333 2125 418 2190 euim
440 2145 581 2206 caespes«
608 2129 672 2205 etq.
690 2143 715 2190 s.
733 2142 834 2204 usqne
857 2123 898 2188 ad
920 2123 1021 2189 verba
1047 2123 1139 2189 »iude
1160 2145 1227 2188 mos
1236 2145 1298 2206 per
1313 2124 1423 2190 Salur-

241 2235 337 2300 uuiio
359 2235 561 2301 missitandis
583 2235 679 2301 cereis
701 2237 826 2318 coepit«

328 2347 415 2423 Quae
437 2345 645 2412 consentiunt
667 2366 737 2412 cum
767 2345 921 2428 Dionysio
938 2345 960 2428 l,
981 2344 1048 2420 19¹)
1073 2352 1107 2410 et
1134 2346 1315 2430 Lactantio,
1339 2347 1418 2412 inst.

243 2456 307 2523 div.
319 2457 343 2522 l.
361 2461 412 2539 21,
427 2460 444 2520 7
461 2461 506 2537 (=
519 2458 540 2522 l.
556 2457 595 2539 ll,
607 2457 646 2522 fr.
660 2461 680 2522 4
704 2456 857 2538 llirsch.).

327 2569 376 2634 De
398 2569 471 2634 lacu
494 2567 666 2634 Cutiliensi
689 2569 838 2634 conferas
854 2568 992 2634 Plinium
1007 2568 1060 2651 lll,
1075 2572 1144 2633 loo.
1180 2570 1317 2636 Uberius
1333 2570 1421 2636 illum

242 2681 349 2746 lacum
376 2679 551 2762 descripsit
578 2679 755 2762 Dionysius
785 2681 821 2762 (l,
839 2683 892 2756 15)
923 2679 994 2762 ipse
1024 2700 1149 2762 quoque
1173 2680 1350 2746 Varronem
1374 2699 1424 2747 se·

242 2796 346 2857 eutius.
386 2789 433 2856 Of.
453 2790 625 2874 Kiessling.
642 2791 662 2856 l.
679 2791 699 2855 l.
719 2812 749 2874 p.
768 2794 845 2864 381²)

328 2903 416 2979 Quae
439 2902 478 2966 de
501 2902 582 2966 Delo
605 2901 712 2968 insula
736 2903 918 2968 Macrobius
941 2902 1154 2986 interposuit,
1183 2904 1274 2970 illum
1297 2923 1360 2970 non
1384 2905 1423 2969 de

242 3033 300 3078 suo
325 3012 505 3094 addidisse,
536 3013 593 3078 sed
622 3032 661 3078 ea
689 3033 814 3095 quoque
836 3012 1002 3080 invenisse
1029 3016 1114 3096 apud
1142 3019 1306 3081 auctorem
1332 3034 1423 3081 sunm

241 3124 350 3189 nescio
374 3143 415 3189 au
439 3144 457 3189 e
480 3123 583 3188 Plinio
606 3123 660 3206 IV,
685 3127 725 3188 66
749 3125 939 3190 concludere
960 3124 1069 3190 liceat.
1114 3126 1238 3209 »Delos
1262 3147 1343 3207 quoe
1366 3126 1423 3191 diu

239 3239 402 3317 fluctuata,
425 3243 460 3301 ul
475 3235 637 3319 proditur,
659 3236 729 3302 solo
752 3245 867 3303 erolum
890 3244 992 3303 terroe
1013 3259 1077 3302 nou
1100 3237 1197 3303 sensit
1213 3239 1257 3302 ud
1271 3238 1321 3302 M.
1345 3238 1422 3303 Vor-

239 3347 330 3412 ronis
353 3355 512 3413 aetutem«

329 3457 376 3522 De
399 3457 536 3524 Hercule
559 3459 643 3524 idem
666 3457 860 3524 Lactantius
883 3458 904 3522 l.
920 3459 941 3523 l.
966 3464 1000 3523 et
1021 3457 1197 3542 Dionysius
1220 3459 1244 3542 l,
1268 3457 1346 3536 38.³)

330 3663 352 3730 ¹)
371 3662 542 3728 Quamquam
560 3663 661 3714 mirum
680 3665 721 3714 est
739 3661 901 3729 Dionysium
922 3664 1084 3734 »lipom'dp«,
1115 3662 1286 3714 Macrobium
1311 3659 1419 3733 »⁰Anlp«

240 3747 389 3815 scripsisse.
422 3744 541 3818 »⁰Ard‘p«,
560 3766 594 3800 ne
613 3748 673 3814 quis
686 3748 781 3800 Iovem
792 3747 973 3816 intellegeret,
991 3765 1041 3816 pro
1053 3750 1205 3820 »Kpouidffl
1225 3748 1421 3816 interpolatum

240 3851 298 3886 osse
316 3838 450 3902 putarem,
469 3834 521 3886 nisi
540 3834 698 3886 Lactantius
727 3850 835 3900 quoque
862 3834 934 3886 idem
963 3834 1036 3903 apud
1054 3833 1207 3910 Varronem
1226 3835 1343 3901 legisset.
1380 3834 1420 3886 De

239 3920 268 3973 L.
289 3921 389 3987 Mallio,
417 3937 498 3986 quern
516 3920 610 3972 laudat
628 3919 783 3986 Dionysius,
811 3919 844 3972 cf.
864 3920 1010 3988 Kiessliug,
1039 3920 1071 3972 de
1094 3920 1218 3988 Dionysii
1233 3920 1421 3972 Halicarnusei

240 4007 436 4074 antiquitatum
454 4006 611 4058 auctoribus
630 4005 741 4057 Latinis.
779 4005 852 4073 Lips.
872 4007 945 4058 1858.
973 4026 999 4075 p.
1013 4008 1053 4058 39.

327 4093 351 4160 ἲ)
370 4092 517 4145 Praeterea
537 4092 570 4144 cf.
591 4091 624 4143 de
642 4092 659 4145 l.
678 4090 710 4142 L.
728 4091 761 4157 V,
781 4093 826 4154 713
846 4091 916 4145 Plin.
936 4093 1049 4159 11‚209.

325 4180 348 4246 ³)
368 4177 446 4241 Quod
464 4177 610 4245 Dionysius
630 4176 697 4230 dicit
715 4177 787 4245 apud
801 4178 907 4230 Poenos
926 4182 953 4229 et
967 4177 1059 4231 Gallos
1076 4179 1201 4232 victimas
1220 4177 1354 4230 humanas
1373 4178 1419 4229 im-

236 4264 341 4330 molari,
359 4263 426 4315 haee
446 4281 554 4330 quoque
572 4262 703 4315 Varronis
722 4280 780 4316 esse
799 4263 969 4330 Augustinus
987 4268 1112 4317 testatur.

322 4349 363 4400 De
387 4365 408 4400 e.
428 4349 486 4402 Dei.
506 4349 573 4417 VII,
597 4348 629 4398 19
653 4349 689 4417 (p.
703 4350 765 4415 297,
788 4349 822 4400 28
840 4349 981 4401 Dombart.
1005 4372 1033 4394 =
1059 4351 1144 4417 antiq.
1163 4368 1215 4404 rer.
1235 4349 1288 4402 div.
1308 4350 1325 4403 l.
1344 4348 1419 4416 XVI,
