<?xml version="1.0" encoding="UTF-8"?>
<!DOCTYPE html PUBLIC "-//W3C//DTD XHTML 1.0 Transitional//EN"
    "http://www.w3.org/TR/xhtml1/DTD/xhtml1-transitional.dtd">
<html xmlns="http://www.w3.org/1999/xhtml" xml:lang="en" lang="en">
 <head>
  <title>
</title>
<meta http-equiv="Content-Type" content="text/html;charset=utf-8" />
  <meta name='ocr-system' content='tesseract 3.04.00' />
  <meta name='ocr-capabilities' content='ocr_page ocr_carea ocr_par ocr_line ocrx_word'/>
</head>
<body>
  <div class='ocr_page' id='page_1' title='image "./questionesvarro00samtgoog_0056.png"; bbox 0 0 3214 4942; ppageno 0'>
   <div class='ocr_carea' id='block_1_1' title="bbox 652 353 863 418">
    <p class='ocr_par' dir='ltr' id='par_1_1' title="bbox 652 353 863 418">
     <span class='ocr_line' id='line_1_1' title="bbox 652 353 863 418; baseline -0.005 -20"><span class='ocrx_word' id='word_1_1' title='bbox 652 353 863 418; x_wconf 66' lang='grc'>..47-</span> 
     </span>
    </p>
   </div>
   <div class='ocr_carea' id='block_1_2' title="bbox 159 537 1378 2182">
    <p class='ocr_par' dir='ltr' id='par_1_2' title="bbox 159 537 1347 1181">
     <span class='ocr_line' id='line_1_2' title="bbox 161 537 1347 622; baseline 0.002 -17"><span class='ocrx_word' id='word_1_2' title='bbox 161 559 294 606; x_wconf 89' lang='lat' dir='ltr'><strong>morare</strong></span> <span class='ocrx_word' id='word_1_3' title='bbox 316 546 433 622; x_wconf 88' lang='lat' dir='ltr'><strong>poetae</strong></span> <span class='ocrx_word' id='word_1_4' title='bbox 457 539 578 622; x_wconf 91' lang='lat' dir='ltr'><strong>optime</strong></span> <span class='ocrx_word' id='word_1_5' title='bbox 601 537 709 606; x_wconf 91' lang='lat' dir='ltr'><strong>licuit:</strong></span> <span class='ocrx_word' id='word_1_6' title='bbox 733 537 850 620; x_wconf 88' lang='lat' dir='ltr'><strong>quippe</strong></span> <span class='ocrx_word' id='word_1_7' title='bbox 874 557 953 620; x_wconf 90' lang='lat' dir='ltr'><strong>qnos</strong></span> <span class='ocrx_word' id='word_1_8' title='bbox 976 540 1118 606; x_wconf 81' lang='lat' dir='ltr'><strong>carmine</strong></span> <span class='ocrx_word' id='word_1_9' title='bbox 1133 538 1347 608; x_wconf 89' lang='lat' dir='ltr'><strong>illustrandos</strong></span> 
     </span>
     <span class='ocr_line' id='line_1_3' title="bbox 159 648 1347 735; baseline 0 -18"><span class='ocrx_word' id='word_1_10' title='bbox 159 651 227 717; x_wconf 90' lang='lat' dir='ltr'><strong>sibi</strong></span> <span class='ocrx_word' id='word_1_11' title='bbox 251 651 485 735; x_wconf 80' lang='lat' dir='ltr'><strong>proposuisset.</strong></span> <span class='ocrx_word' id='word_1_12' title='bbox 520 651 587 717; x_wconf 91' lang='lat' dir='ltr'><strong>Hos</strong></span> <span class='ocrx_word' id='word_1_13' title='bbox 614 648 709 732; x_wconf 89' lang='grc'><strong>11111,</strong></span> <span class='ocrx_word' id='word_1_14' title='bbox 743 669 806 714; x_wconf 91' lang='grc'><strong>111</strong></span> <span class='ocrx_word' id='word_1_15' title='bbox 836 649 942 714; x_wconf 86' lang='lat' dir='ltr'><strong>Verrii</strong></span> <span class='ocrx_word' id='word_1_16' title='bbox 968 652 1094 734; x_wconf 88' lang='lat' dir='ltr'><strong>librum,</strong></span> <span class='ocrx_word' id='word_1_17' title='bbox 1118 652 1347 734; x_wconf 90' lang='lat' dir='ltr'><strong>quotienscun-</strong></span> 
     </span>
     <span class='ocr_line' id='line_1_4' title="bbox 159 759 1346 845; baseline 0 -15"><span class='ocrx_word' id='word_1_18' title='bbox 159 784 225 845; x_wconf 89' lang='lat' dir='ltr'><strong>que</strong></span> <span class='ocrx_word' id='word_1_19' title='bbox 249 763 408 831; x_wconf 87' lang='lat' dir='ltr'><strong>fastorum</strong></span> <span class='ocrx_word' id='word_1_20' title='bbox 431 761 628 829; x_wconf 80' lang='lat' dir='ltr'>mentionem</span> <span class='ocrx_word' id='word_1_21' title='bbox 652 760 787 828; x_wconf 86' lang='lat' dir='ltr'><strong>Ovidius</strong></span> <span class='ocrx_word' id='word_1_22' title='bbox 810 760 913 844; x_wconf 82' lang='lat' dir='ltr'>inicit,</span> <span class='ocrx_word' id='word_1_23' title='bbox 947 762 989 826; x_wconf 93' lang='lat' dir='ltr'><strong>ab</strong></span> <span class='ocrx_word' id='word_1_24' title='bbox 1021 778 1059 824; x_wconf 93' lang='lat' dir='ltr'><strong>eo</strong></span> <span class='ocrx_word' id='word_1_25' title='bbox 1087 759 1264 842; x_wconf 86' lang='lat' dir='ltr'><strong>significari</strong></span> <span class='ocrx_word' id='word_1_26' title='bbox 1287 783 1346 845; x_wconf 93' lang='lat' dir='ltr'><strong>pro</strong></span> 
     </span>
     <span class='ocr_line' id='line_1_5' title="bbox 159 874 420 951; baseline 0.004 -11"><span class='ocrx_word' id='word_1_27' title='bbox 159 881 255 940; x_wconf 87' lang='lat' dir='ltr'><strong>certo</strong></span> <span class='ocrx_word' id='word_1_28' title='bbox 278 874 420 951; x_wconf 90' lang='lat' dir='ltr'><strong>habe0.¹)</strong></span> 
     </span>
     <span class='ocr_line' id='line_1_6' title="bbox 253 983 1076 1067; baseline -0.002 -15"><span class='ocrx_word' id='word_1_29' title='bbox 253 987 427 1052; x_wconf 89' lang='lat' dir='ltr'><strong>Praeterea</strong></span> <span class='ocrx_word' id='word_1_30' title='bbox 451 985 639 1051; x_wconf 90' lang='lat' dir='ltr'><strong>Wintherus</strong></span> <span class='ocrx_word' id='word_1_31' title='bbox 663 991 707 1066; x_wconf 86' lang='lat' dir='ltr'><strong>(p.</strong></span> <span class='ocrx_word' id='word_1_32' title='bbox 725 986 758 1062; x_wconf 73' lang='lat' dir='ltr'><strong>i)</strong></span> <span class='ocrx_word' id='word_1_33' title='bbox 782 983 941 1067; x_wconf 85' lang='lat' dir='ltr'><strong>Ovidium,</strong></span> <span class='ocrx_word' id='word_1_34' title='bbox 969 989 1004 1050; x_wconf 89' lang='lat' dir='ltr'><strong>nt</strong></span> <span class='ocrx_word' id='word_1_35' title='bbox 1028 983 1076 1050; x_wconf 94' lang='lat' dir='ltr'><strong>illi</strong></span> 
     </span>
     <span class='ocr_line' id='line_1_7' title="bbox 302 1096 1217 1181; baseline -0.003 -16"><span class='ocrx_word' id='word_1_36' title='bbox 302 1121 375 1165; x_wconf 76' lang='lat' dir='ltr'><strong>racc</strong></span> <span class='ocrx_word' id='word_1_37' title='bbox 390 1098 522 1181; x_wconf 70' lang='lat' dir='ltr'><strong>palicas</strong></span> <span class='ocrx_word' id='word_1_38' title='bbox 544 1117 656 1180; x_wconf 81' lang='lat' dir='ltr'><strong>corpas</strong></span> <span class='ocrx_word' id='word_1_39' title='bbox 677 1118 734 1162; x_wconf 85' lang='lat' dir='ltr'><strong>acc</strong></span> <span class='ocrx_word' id='word_1_40' title='bbox 755 1119 843 1163; x_wconf 83' lang='lat' dir='ltr'><strong>meas</strong></span> <span class='ocrx_word' id='word_1_41' title='bbox 858 1097 931 1181; x_wconf 82' lang='lat' dir='ltr'><strong>fnit</strong></span> <span class='ocrx_word' id='word_1_42' title='bbox 953 1105 1031 1179; x_wconf 83' lang='lat' dir='ltr'><strong>apto</strong></span> <span class='ocrx_word' id='word_1_43' title='bbox 1054 1096 1217 1180; x_wconf 65' lang='lat' dir='ltr'><strong>laborat,</strong></span> 
     </span>
    </p>

    <p class='ocr_par' dir='ltr' id='par_1_3' title="bbox 160 1207 1378 2182">
     <span class='ocr_line' id='line_1_8' title="bbox 160 1207 1346 1291; baseline 0 -16"><span class='ocrx_word' id='word_1_44' title='bbox 160 1215 331 1276; x_wconf 87' lang='lat' dir='ltr'><strong>versatum</strong></span> <span class='ocrx_word' id='word_1_45' title='bbox 356 1228 430 1275; x_wconf 89' lang='lat' dir='ltr'><strong>esse</strong></span> <span class='ocrx_word' id='word_1_46' title='bbox 456 1208 490 1274; x_wconf 89' lang='lat' dir='ltr'><strong>in</strong></span> <span class='ocrx_word' id='word_1_47' title='bbox 519 1207 612 1274; x_wconf 90' lang='lat' dir='ltr'><strong>libris</strong></span> <span class='ocrx_word' id='word_1_48' title='bbox 636 1207 776 1274; x_wconf 90' lang='lat' dir='ltr'><strong>virorum</strong></span> <span class='ocrx_word' id='word_1_49' title='bbox 801 1209 978 1291; x_wconf 90' lang='lat' dir='ltr'><strong>doctorum,</strong></span> <span class='ocrx_word' id='word_1_50' title='bbox 1007 1207 1164 1290; x_wconf 82' lang='lat' dir='ltr'><strong>imprimis</strong></span> <span class='ocrx_word' id='word_1_51' title='bbox 1189 1208 1346 1275; x_wconf 80' lang='lat' dir='ltr'><strong>Varronis</strong></span> 
     </span>
     <span class='ocr_line' id='line_1_9' title="bbox 160 1317 1345 1402; baseline -0.002 -15"><span class='ocrx_word' id='word_1_52' title='bbox 160 1321 233 1388; x_wconf 87' lang='lat' dir='ltr'><strong>veri</strong></span> <span class='ocrx_word' id='word_1_53' title='bbox 268 1320 425 1387; x_wconf 83' lang='lat' dir='ltr'><strong>dissimile</strong></span> <span class='ocrx_word' id='word_1_54' title='bbox 459 1339 533 1386; x_wconf 89' lang='lat' dir='ltr'><strong>esse</strong></span> <span class='ocrx_word' id='word_1_55' title='bbox 568 1317 729 1402; x_wconf 89' lang='lat' dir='ltr'><strong>opinatur.</strong></span> <span class='ocrx_word' id='word_1_56' title='bbox 776 1317 854 1384; x_wconf 83' lang='lat' dir='ltr'><strong>Fuit</strong></span> <span class='ocrx_word' id='word_1_57' title='bbox 881 1324 979 1401; x_wconf 91' lang='lat' dir='ltr'><strong>poeta</strong></span> <span class='ocrx_word' id='word_1_58' title='bbox 1013 1339 1032 1384; x_wconf 90' lang='lat' dir='ltr'><strong>a</strong></span> <span class='ocrx_word' id='word_1_59' title='bbox 1061 1318 1345 1401; x_wconf 87' lang='lat' dir='ltr'><strong>grammaticorum</strong></span> 
     </span>
     <span class='ocr_line' id='line_1_10' title="bbox 162 1429 1346 1514; baseline -0.003 -14"><span class='ocrx_word' id='word_1_60' title='bbox 162 1432 282 1500; x_wconf 89' lang='lat' dir='ltr'><strong>studiis</strong></span> <span class='ocrx_word' id='word_1_61' title='bbox 305 1431 443 1497; x_wconf 82' lang='lat' dir='ltr'><strong>maxime</strong></span> <span class='ocrx_word' id='word_1_62' title='bbox 467 1431 608 1497; x_wconf 90' lang='lat' dir='ltr'><strong>alienus:</strong></span> <span class='ocrx_word' id='word_1_63' title='bbox 640 1431 698 1497; x_wconf 87' lang='lat' dir='ltr'><strong>sed</strong></span> <span class='ocrx_word' id='word_1_64' title='bbox 729 1449 810 1511; x_wconf 89' lang='lat' dir='ltr'><strong>opus</strong></span> <span class='ocrx_word' id='word_1_65' title='bbox 842 1429 903 1496; x_wconf 92' lang='lat' dir='ltr'><strong>sibi</strong></span> <span class='ocrx_word' id='word_1_66' title='bbox 927 1437 1153 1514; x_wconf 78' lang='lat' dir='ltr'><strong>proposuerat,</strong></span> <span class='ocrx_word' id='word_1_67' title='bbox 1177 1431 1346 1512; x_wconf 90' lang='lat' dir='ltr'><strong>quodnisi</strong></span> 
     </span>
     <span class='ocr_line' id='line_1_11' title="bbox 161 1542 1347 1626; baseline 0 -18"><span class='ocrx_word' id='word_1_68' title='bbox 161 1543 345 1610; x_wconf 84' lang='lat' dir='ltr'><strong>incredibili</strong></span> <span class='ocrx_word' id='word_1_69' title='bbox 368 1543 504 1609; x_wconf 88' lang='lat' dir='ltr'><strong>levitate</strong></span> <span class='ocrx_word' id='word_1_70' title='bbox 527 1542 663 1626; x_wconf 82' lang='lat' dir='ltr'><strong>aggredi</strong></span> <span class='ocrx_word' id='word_1_71' title='bbox 695 1543 806 1623; x_wconf 88' lang='lat' dir='ltr'><strong>vellet,</strong></span> <span class='ocrx_word' id='word_1_72' title='bbox 841 1561 895 1608; x_wconf 88' lang='lat' dir='ltr'><strong>res</strong></span> <span class='ocrx_word' id='word_1_73' title='bbox 923 1544 964 1607; x_wconf 92' lang='lat' dir='ltr'><strong>ab</strong></span> <span class='ocrx_word' id='word_1_74' title='bbox 988 1542 1221 1624; x_wconf 88' lang='lat' dir='ltr'><strong>antiquitatum</strong></span> <span class='ocrx_word' id='word_1_75' title='bbox 1245 1543 1347 1625; x_wconf 91' lang='lat' dir='ltr'><strong>scrip·</strong></span> 
     </span>
     <span class='ocr_line' id='line_1_12' title="bbox 163 1652 1346 1736; baseline 0 -16"><span class='ocrx_word' id='word_1_76' title='bbox 163 1655 292 1721; x_wconf 87' lang='lat' dir='ltr'><strong>toribus</strong></span> <span class='ocrx_word' id='word_1_77' title='bbox 316 1658 479 1721; x_wconf 87' lang='lat' dir='ltr'><strong>tractatas</strong></span> <span class='ocrx_word' id='word_1_78' title='bbox 503 1654 598 1736; x_wconf 92' lang='lat' dir='ltr'><strong>paulo</strong></span> <span class='ocrx_word' id='word_1_79' title='bbox 615 1653 800 1719; x_wconf 80' lang='lat' dir='ltr'><strong>accuratius</strong></span> <span class='ocrx_word' id='word_1_80' title='bbox 817 1652 949 1720; x_wconf 89' lang='lat' dir='ltr'><strong>novisse</strong></span> <span class='ocrx_word' id='word_1_81' title='bbox 966 1653 1086 1720; x_wconf 88' lang='lat' dir='ltr'><strong>debuit.</strong></span> <span class='ocrx_word' id='word_1_82' title='bbox 1126 1653 1238 1720; x_wconf 88' lang='lat' dir='ltr'><strong>Nonne</strong></span> <span class='ocrx_word' id='word_1_83' title='bbox 1259 1654 1346 1721; x_wconf 91' lang='lat' dir='ltr'><strong>iusto</strong></span> 
     </span>
     <span class='ocr_line' id='line_1_13' title="bbox 163 1764 1347 1848; baseline 0.001 -17"><span class='ocrx_word' id='word_1_84' title='bbox 163 1766 305 1848; x_wconf 90' lang='lat' dir='ltr'><strong>iniquius</strong></span> <span class='ocrx_word' id='word_1_85' title='bbox 333 1765 522 1848; x_wconf 87' lang='lat' dir='ltr'><strong>indicamus,</strong></span> <span class='ocrx_word' id='word_1_86' title='bbox 552 1765 585 1830; x_wconf 80' lang='lat' dir='ltr'><strong>&#39;si</strong></span> <span class='ocrx_word' id='word_1_87' title='bbox 616 1765 696 1830; x_wconf 90' lang='lat' dir='ltr'><strong>adeo</strong></span> <span class='ocrx_word' id='word_1_88' title='bbox 723 1764 846 1832; x_wconf 84' lang='lat' dir='ltr'><strong>laboris</strong></span> <span class='ocrx_word' id='word_1_89' title='bbox 869 1764 1049 1847; x_wconf 80' lang='lat' dir='ltr'><strong>fugientem</strong></span> <span class='ocrx_word' id='word_1_90' title='bbox 1072 1765 1222 1831; x_wconf 88' lang='lat' dir='ltr'><strong>Ovidium</strong></span> <span class='ocrx_word' id='word_1_91' title='bbox 1244 1766 1347 1832; x_wconf 87' lang='lat' dir='ltr'><strong>fuisse</strong></span> 
     </span>
     <span class='ocr_line' id='line_1_14' title="bbox 165 1875 1347 1960; baseline -0.001 -15"><span class='ocrx_word' id='word_1_92' title='bbox 165 1885 327 1960; x_wconf 83' lang='lat' dir='ltr'><strong>potamus,</strong></span> <span class='ocrx_word' id='word_1_93' title='bbox 355 1883 392 1944; x_wconf 91' lang='grc'><strong>111</strong></span> <span class='ocrx_word' id='word_1_94' title='bbox 415 1897 456 1943; x_wconf 89' lang='lat' dir='ltr'><strong>ne</strong></span> <span class='ocrx_word' id='word_1_95' title='bbox 479 1877 548 1943; x_wconf 91' lang='lat' dir='ltr'><strong>eius</strong></span> <span class='ocrx_word' id='word_1_96' title='bbox 573 1875 699 1958; x_wconf 90' lang='lat' dir='ltr'><strong>quidem</strong></span> <span class='ocrx_word' id='word_1_97' title='bbox 724 1876 895 1957; x_wconf 83' lang='lat' dir='ltr'><strong>scriptoris</strong></span> <span class='ocrx_word' id='word_1_98' title='bbox 918 1877 1019 1942; x_wconf 89' lang='lat' dir='ltr'><strong>libros</strong></span> <span class='ocrx_word' id='word_1_99' title='bbox 1041 1876 1229 1960; x_wconf 84' lang='lat' dir='ltr'><strong>inspiceret,</strong></span> <span class='ocrx_word' id='word_1_100' title='bbox 1253 1898 1347 1960; x_wconf 91' lang='lat' dir='ltr'><strong>quem</strong></span> 
     </span>
     <span class='ocr_line' id='line_1_15' title="bbox 168 1986 1347 2069; baseline 0 -15"><span class='ocrx_word' id='word_1_101' title='bbox 168 1991 301 2056; x_wconf 84' lang='lat' dir='ltr'><strong>maxime</strong></span> <span class='ocrx_word' id='word_1_102' title='bbox 325 1989 463 2055; x_wconf 88' lang='lat' dir='ltr'><strong>omnium</strong></span> <span class='ocrx_word' id='word_1_103' title='bbox 486 1987 537 2054; x_wconf 89' lang='lat' dir='ltr'><strong>bis</strong></span> <span class='ocrx_word' id='word_1_104' title='bbox 564 1989 662 2054; x_wconf 88' lang='lat' dir='ltr'><strong>rebus</strong></span> <span class='ocrx_word' id='word_1_105' title='bbox 686 1986 853 2054; x_wconf 86' lang='lat' dir='ltr'><strong>studuisse</strong></span> <span class='ocrx_word' id='word_1_106' title='bbox 881 1987 1084 2069; x_wconf 88' lang='lat' dir='ltr'><strong>omniumque</strong></span> <span class='ocrx_word' id='word_1_107' title='bbox 1106 1988 1202 2054; x_wconf 86' lang='lat' dir='ltr'><strong>facile</strong></span> <span class='ocrx_word' id='word_1_108' title='bbox 1226 1989 1347 2057; x_wconf 89' lang='lat' dir='ltr'><strong>doctis-</strong></span> 
     </span>
     <span class='ocr_line' id='line_1_16' title="bbox 174 2097 1378 2182; baseline 0 -16"><span class='ocrx_word' id='word_1_109' title='bbox 174 2100 277 2167; x_wconf 90' lang='lat' dir='ltr'><strong>simum</strong></span> <span class='ocrx_word' id='word_1_110' title='bbox 302 2120 377 2166; x_wconf 90' lang='lat' dir='ltr'><strong>esse</strong></span> <span class='ocrx_word' id='word_1_111' title='bbox 399 2099 471 2182; x_wconf 92' lang='lat' dir='ltr'><strong>ipse</strong></span> <span class='ocrx_word' id='word_1_112' title='bbox 494 2104 583 2164; x_wconf 91' lang='lat' dir='ltr'><strong>certe</strong></span> <span class='ocrx_word' id='word_1_113' title='bbox 604 2118 668 2164; x_wconf 93' lang='lat' dir='ltr'><strong>non</strong></span> <span class='ocrx_word' id='word_1_114' title='bbox 691 2097 877 2182; x_wconf 88' lang='lat' dir='ltr'><strong>ignorabat,</strong></span> <span class='ocrx_word' id='word_1_115' title='bbox 900 2098 972 2165; x_wconf 93' lang='lat' dir='ltr'><strong>dico</strong></span> <span class='ocrx_word' id='word_1_116' title='bbox 989 2098 1170 2166; x_wconf 66' lang='lat' dir='ltr'><strong>Varronis?</strong></span> <span class='ocrx_word' id='word_1_117' title='bbox 1374 2103 1378 2110; x_wconf 88' lang='lat'>&#39;</span> 
     </span>
    </p>
   </div>
   <div class='ocr_carea' id='block_1_3' title="bbox 163 2218 1348 3416">
    <p class='ocr_par' dir='ltr' id='par_1_4' title="bbox 163 2218 1348 3416">
     <span class='ocr_line' id='line_1_17' title="bbox 248 2218 1346 2302; baseline 0.002 -16"><span class='ocrx_word' id='word_1_118' title='bbox 248 2221 291 2286; x_wconf 90' lang='lat' dir='ltr'><strong>M.</strong></span> <span class='ocrx_word' id='word_1_119' title='bbox 317 2219 500 2286; x_wconf 90' lang='lat' dir='ltr'><strong>Terentium</strong></span> <span class='ocrx_word' id='word_1_120' title='bbox 525 2218 704 2286; x_wconf 85' lang='lat' dir='ltr'><strong>Varronem</strong></span> <span class='ocrx_word' id='word_1_121' title='bbox 737 2218 840 2300; x_wconf 88' lang='lat' dir='ltr'><strong>igitur</strong></span> <span class='ocrx_word' id='word_1_122' title='bbox 869 2225 999 2302; x_wconf 89' lang='lat' dir='ltr'><strong>praeter</strong></span> <span class='ocrx_word' id='word_1_123' title='bbox 1023 2220 1171 2288; x_wconf 89' lang='lat' dir='ltr'><strong>Verrium</strong></span> <span class='ocrx_word' id='word_1_124' title='bbox 1194 2221 1346 2288; x_wconf 85' lang='lat' dir='ltr'><strong>Flaccum</strong></span> 
     </span>
     <span class='ocr_line' id='line_1_18' title="bbox 171 2329 1345 2417; baseline 0.002 -19"><span class='ocrx_word' id='word_1_125' title='bbox 171 2352 226 2398; x_wconf 91' lang='lat' dir='ltr'><strong>non</strong></span> <span class='ocrx_word' id='word_1_126' title='bbox 248 2333 433 2414; x_wconf 85' lang='lat' dir='ltr'><strong>neglectum</strong></span> <span class='ocrx_word' id='word_1_127' title='bbox 457 2351 531 2397; x_wconf 90' lang='lat' dir='ltr'><strong>esse</strong></span> <span class='ocrx_word' id='word_1_128' title='bbox 554 2329 720 2397; x_wconf 90' lang='lat' dir='ltr'><strong>aNasone</strong></span> <span class='ocrx_word' id='word_1_129' title='bbox 744 2350 815 2396; x_wconf 90' lang='lat' dir='ltr'><strong>cum</strong></span> <span class='ocrx_word' id='word_1_130' title='bbox 837 2351 873 2397; x_wconf 98' lang='grc'><strong>11</strong></span> <span class='ocrx_word' id='word_1_131' title='bbox 895 2331 969 2413; x_wconf 92' lang='lat' dir='ltr'><strong>ipsa</strong></span> <span class='ocrx_word' id='word_1_132' title='bbox 985 2331 1055 2398; x_wconf 88' lang='lat' dir='ltr'><strong>veri</strong></span> <span class='ocrx_word' id='word_1_133' title='bbox 1071 2332 1175 2398; x_wconf 89' lang='lat' dir='ltr'><strong>simile</strong></span> <span class='ocrx_word' id='word_1_134' title='bbox 1192 2333 1246 2417; x_wconf 87' lang='lat' dir='ltr'><strong>sit,</strong></span> <span class='ocrx_word' id='word_1_135' title='bbox 1263 2333 1345 2400; x_wconf 94' lang='lat' dir='ltr'><strong>idem</strong></span> 
     </span>
     <span class='ocr_line' id='line_1_19' title="bbox 166 2440 1346 2526; baseline 0.002 -18"><span class='ocrx_word' id='word_1_136' title='bbox 166 2446 391 2526; x_wconf 89' lang='lat' dir='ltr'><strong>comprobatur</strong></span> <span class='ocrx_word' id='word_1_137' title='bbox 425 2440 563 2525; x_wconf 87' lang='lat' dir='ltr'><strong>singulis</strong></span> <span class='ocrx_word' id='word_1_138' title='bbox 598 2441 758 2507; x_wconf 87' lang='lat' dir='ltr'><strong>fastorum</strong></span> <span class='ocrx_word' id='word_1_139' title='bbox 787 2441 878 2508; x_wconf 91' lang='lat' dir='ltr'><strong>locis.</strong></span> <span class='ocrx_word' id='word_1_140' title='bbox 924 2440 991 2508; x_wconf 92' lang='lat' dir='ltr'><strong>Nec</strong></span> <span class='ocrx_word' id='word_1_141' title='bbox 1018 2462 1095 2510; x_wconf 84' lang='lat' dir='ltr'><strong>vero</strong></span> <span class='ocrx_word' id='word_1_142' title='bbox 1123 2443 1156 2508; x_wconf 92' lang='lat' dir='ltr'><strong>id</strong></span> <span class='ocrx_word' id='word_1_143' title='bbox 1184 2443 1346 2511; x_wconf 92' lang='lat' dir='ltr'><strong>inanimo</strong></span> 
     </span>
     <span class='ocr_line' id='line_1_20' title="bbox 165 2552 1347 2638; baseline 0.002 -18"><span class='ocrx_word' id='word_1_144' title='bbox 165 2556 278 2638; x_wconf 83' lang='lat' dir='ltr'><strong>liabeo,</strong></span> <span class='ocrx_word' id='word_1_145' title='bbox 307 2559 344 2621; x_wconf 89' lang='lat' dir='ltr'><strong>ut</strong></span> <span class='ocrx_word' id='word_1_146' title='bbox 371 2556 432 2621; x_wconf 90' lang='lat' dir='ltr'><strong>hoc</strong></span> <span class='ocrx_word' id='word_1_147' title='bbox 455 2556 525 2621; x_wconf 92' lang='grc'><strong>1111</strong></span> <span class='ocrx_word' id='word_1_148' title='bbox 549 2559 654 2621; x_wconf 90' lang='lat' dir='ltr'><strong>totam</strong></span> <span class='ocrx_word' id='word_1_149' title='bbox 678 2552 901 2635; x_wconf 90' lang='lat' dir='ltr'><strong>quaestionem</strong></span> <span class='ocrx_word' id='word_1_150' title='bbox 924 2557 1109 2637; x_wconf 86' lang='lat' dir='ltr'><strong>retractem,</strong></span> <span class='ocrx_word' id='word_1_151' title='bbox 1143 2554 1201 2638; x_wconf 92' lang='lat' dir='ltr'><strong>ita,</strong></span> <span class='ocrx_word' id='word_1_152' title='bbox 1235 2562 1272 2622; x_wconf 93' lang='lat' dir='ltr'><strong>ut</strong></span> <span class='ocrx_word' id='word_1_153' title='bbox 1298 2556 1347 2622; x_wconf 95' lang='lat' dir='ltr'><strong>in·</strong></span> 
     </span>
     <span class='ocr_line' id='line_1_21' title="bbox 164 2663 1346 2748; baseline 0.003 -18"><span class='ocrx_word' id='word_1_154' title='bbox 164 2665 326 2748; x_wconf 84' lang='lat' dir='ltr'><strong>dagarim,</strong></span> <span class='ocrx_word' id='word_1_155' title='bbox 360 2669 434 2732; x_wconf 90' lang='lat' dir='ltr'><strong>utro</strong></span> <span class='ocrx_word' id='word_1_156' title='bbox 465 2685 505 2730; x_wconf 87' lang='lat' dir='ltr'><strong>ex</strong></span> <span class='ocrx_word' id='word_1_157' title='bbox 535 2669 666 2731; x_wconf 90' lang='lat' dir='ltr'><strong>anctore</strong></span> <span class='ocrx_word' id='word_1_158' title='bbox 694 2663 842 2745; x_wconf 88' lang='lat' dir='ltr'><strong>singulas</strong></span> <span class='ocrx_word' id='word_1_159' title='bbox 870 2683 924 2730; x_wconf 91' lang='lat' dir='ltr'><strong>res</strong></span> <span class='ocrx_word' id='word_1_160' title='bbox 948 2664 1083 2731; x_wconf 87' lang='lat' dir='ltr'><strong>Ovidius</strong></span> <span class='ocrx_word' id='word_1_161' title='bbox 1106 2667 1265 2748; x_wconf 83' lang='lat' dir='ltr'><strong>hauserit,</strong></span> <span class='ocrx_word' id='word_1_162' title='bbox 1290 2669 1346 2733; x_wconf 90' lang='lat' dir='ltr'><strong>sed</strong></span> 
     </span>
     <span class='ocr_line' id='line_1_22' title="bbox 163 2774 1346 2860; baseline 0.003 -18"><span class='ocrx_word' id='word_1_163' title='bbox 163 2777 196 2842; x_wconf 91' lang='lat' dir='ltr'><strong>id</strong></span> <span class='ocrx_word' id='word_1_164' title='bbox 219 2797 317 2844; x_wconf 92' lang='lat' dir='ltr'><strong>unum</strong></span> <span class='ocrx_word' id='word_1_165' title='bbox 341 2777 403 2860; x_wconf 88' lang='lat' dir='ltr'><strong>egi,</strong></span> <span class='ocrx_word' id='word_1_166' title='bbox 427 2781 464 2844; x_wconf 92' lang='lat' dir='ltr'><strong>ut</strong></span> <span class='ocrx_word' id='word_1_167' title='bbox 482 2775 638 2842; x_wconf 90' lang='lat' dir='ltr'><strong>Varronis</strong></span> <span class='ocrx_word' id='word_1_168' title='bbox 661 2775 774 2857; x_wconf 87' lang='lat' dir='ltr'><strong>copias</strong></span> <span class='ocrx_word' id='word_1_169' title='bbox 797 2794 861 2841; x_wconf 92' lang='lat' dir='ltr'><strong>non</strong></span> <span class='ocrx_word' id='word_1_170' title='bbox 885 2774 1011 2843; x_wconf 90' lang='lat' dir='ltr'><strong>omnino</strong></span> <span class='ocrx_word' id='word_1_171' title='bbox 1036 2777 1201 2858; x_wconf 89' lang='lat' dir='ltr'><strong>sprevisse</strong></span> <span class='ocrx_word' id='word_1_172' title='bbox 1218 2784 1346 2860; x_wconf 90' lang='lat' dir='ltr'><strong>poetam</strong></span> 
     </span>
     <span class='ocr_line' id='line_1_23' title="bbox 163 2885 1348 2970; baseline 0.001 -16"><span class='ocrx_word' id='word_1_173' title='bbox 163 2889 428 2954; x_wconf 87' lang='lat' dir='ltr'><strong>demonstrarem.</strong></span> <span class='ocrx_word' id='word_1_174' title='bbox 463 2889 577 2970; x_wconf 88' lang='lat' dir='ltr'><strong>ltaque</strong></span> <span class='ocrx_word' id='word_1_175' title='bbox 600 2907 663 2954; x_wconf 91' lang='lat' dir='ltr'><strong>non</strong></span> <span class='ocrx_word' id='word_1_176' title='bbox 688 2885 805 2968; x_wconf 91' lang='lat' dir='ltr'><strong>omnia,</strong></span> <span class='ocrx_word' id='word_1_177' title='bbox 830 2906 913 2969; x_wconf 90' lang='lat' dir='ltr'><strong>qnae</strong></span> <span class='ocrx_word' id='word_1_178' title='bbox 931 2887 1070 2953; x_wconf 89' lang='lat' dir='ltr'><strong>Varroni</strong></span> <span class='ocrx_word' id='word_1_179' title='bbox 1093 2888 1204 2954; x_wconf 90' lang='lat' dir='ltr'><strong>deberi</strong></span> <span class='ocrx_word' id='word_1_180' title='bbox 1227 2888 1259 2955; x_wconf 91' lang='lat' dir='ltr'><strong>in</strong></span> <span class='ocrx_word' id='word_1_181' title='bbox 1277 2909 1348 2956; x_wconf 88' lang='lat' dir='ltr'><strong>car·</strong></span> 
     </span>
     <span class='ocr_line' id='line_1_24' title="bbox 163 2998 1347 3082; baseline 0.002 -17"><span class='ocrx_word' id='word_1_182' title='bbox 163 2999 248 3065; x_wconf 91' lang='lat' dir='ltr'><strong>mine</strong></span> <span class='ocrx_word' id='word_1_183' title='bbox 273 2999 430 3066; x_wconf 83' lang='lat' dir='ltr'><strong>Ouidiano</strong></span> <span class='ocrx_word' id='word_1_184' title='bbox 454 2998 531 3064; x_wconf 90' lang='lat' dir='ltr'><strong>mibi</strong></span> <span class='ocrx_word' id='word_1_185' title='bbox 554 2998 716 3081; x_wconf 90' lang='lat' dir='ltr'><strong>videntur,</strong></span> <span class='ocrx_word' id='word_1_186' title='bbox 750 2999 811 3063; x_wconf 93' lang='lat' dir='ltr'><strong>hoc</strong></span> <span class='ocrx_word' id='word_1_187' title='bbox 841 2998 911 3063; x_wconf 91' lang='lat' dir='ltr'><strong>loco</strong></span> <span class='ocrx_word' id='word_1_188' title='bbox 936 2998 1068 3082; x_wconf 91' lang='lat' dir='ltr'><strong>contuli,</strong></span> <span class='ocrx_word' id='word_1_189' title='bbox 1097 3001 1154 3065; x_wconf 92' lang='lat' dir='ltr'><strong>sed</strong></span> <span class='ocrx_word' id='word_1_190' title='bbox 1176 2999 1209 3065; x_wconf 92' lang='lat' dir='ltr'><strong>in</strong></span> <span class='ocrx_word' id='word_1_191' title='bbox 1234 3021 1270 3066; x_wconf 92' lang='lat' dir='ltr'><strong>eo</strong></span> <span class='ocrx_word' id='word_1_192' title='bbox 1294 3022 1347 3067; x_wconf 91' lang='lat' dir='ltr'><strong>ac·</strong></span> 
     </span>
     <span class='ocr_line' id='line_1_25' title="bbox 165 3108 1348 3193; baseline 0.001 -17"><span class='ocrx_word' id='word_1_193' title='bbox 165 3111 304 3193; x_wconf 87' lang='lat' dir='ltr'><strong>quiesco,</strong></span> <span class='ocrx_word' id='word_1_194' title='bbox 328 3115 365 3176; x_wconf 94' lang='lat' dir='ltr'><strong>nt</strong></span> <span class='ocrx_word' id='word_1_195' title='bbox 388 3111 427 3176; x_wconf 93' lang='lat' dir='ltr'><strong>de</strong></span> <span class='ocrx_word' id='word_1_196' title='bbox 451 3111 563 3191; x_wconf 87' lang='lat' dir='ltr'><strong>paucis</strong></span> <span class='ocrx_word' id='word_1_197' title='bbox 586 3109 748 3176; x_wconf 88' lang='lat' dir='ltr'><strong>fastorum</strong></span> <span class='ocrx_word' id='word_1_198' title='bbox 771 3108 851 3175; x_wconf 91' lang='lat' dir='ltr'><strong>locis</strong></span> <span class='ocrx_word' id='word_1_199' title='bbox 876 3108 1084 3191; x_wconf 88' lang='lat' dir='ltr'><strong>quaestiones</strong></span> <span class='ocrx_word' id='word_1_200' title='bbox 1109 3111 1250 3177; x_wconf 90' lang='lat' dir='ltr'><strong>inseram</strong></span> <span class='ocrx_word' id='word_1_201' title='bbox 1274 3112 1348 3178; x_wconf 92' lang='lat' dir='ltr'><strong>huic</strong></span> 
     </span>
     <span class='ocr_line' id='line_1_26' title="bbox 165 3220 1347 3305; baseline 0.002 -17"><span class='ocrx_word' id='word_1_202' title='bbox 165 3221 400 3304; x_wconf 87' lang='lat' dir='ltr'><strong>dissertationi,</strong></span> <span class='ocrx_word' id='word_1_203' title='bbox 424 3222 494 3287; x_wconf 90' lang='lat' dir='ltr'><strong>scil.</strong></span> <span class='ocrx_word' id='word_1_204' title='bbox 511 3222 550 3287; x_wconf 90' lang='lat' dir='ltr'><strong>de</strong></span> <span class='ocrx_word' id='word_1_205' title='bbox 573 3221 625 3305; x_wconf 91' lang='lat' dir='ltr'><strong>iis,</strong></span> <span class='ocrx_word' id='word_1_206' title='bbox 649 3220 766 3302; x_wconf 91' lang='lat' dir='ltr'><strong>quibus</strong></span> <span class='ocrx_word' id='word_1_207' title='bbox 789 3240 852 3287; x_wconf 90' lang='lat' dir='ltr'><strong>non</strong></span> <span class='ocrx_word' id='word_1_208' title='bbox 869 3241 964 3288; x_wconf 91' lang='lat' dir='ltr'><strong>unum</strong></span> <span class='ocrx_word' id='word_1_209' title='bbox 984 3221 1132 3288; x_wconf 88' lang='lat' dir='ltr'><strong>Verrium</strong></span> <span class='ocrx_word' id='word_1_210' title='bbox 1149 3222 1256 3290; x_wconf 84' lang='lat' dir='ltr'><strong>Ovidii</strong></span> <span class='ocrx_word' id='word_1_211' title='bbox 1278 3223 1347 3290; x_wconf 84' lang='lat' dir='ltr'><strong>fon·</strong></span> 
     </span>
     <span class='ocr_line' id='line_1_27' title="bbox 163 3332 1347 3416; baseline 0.003 -18"><span class='ocrx_word' id='word_1_212' title='bbox 163 3337 227 3398; x_wconf 87' lang='lat' dir='ltr'><strong>tem</strong></span> <span class='ocrx_word' id='word_1_213' title='bbox 250 3332 353 3399; x_wconf 82' lang='lat' dir='ltr'><strong>inisse</strong></span> <span class='ocrx_word' id='word_1_214' title='bbox 376 3332 634 3400; x_wconf 87' lang='lat' dir='ltr'><strong>luculentissime</strong></span> <span class='ocrx_word' id='word_1_215' title='bbox 657 3333 860 3400; x_wconf 84' lang='lat' dir='ltr'><strong>ostendatur.</strong></span> <span class='ocrx_word' id='word_1_216' title='bbox 906 3334 953 3398; x_wconf 84' lang='lat' dir='ltr'><strong>Ac</strong></span> <span class='ocrx_word' id='word_1_217' title='bbox 976 3332 1113 3415; x_wconf 91' lang='lat' dir='ltr'><strong>primum</strong></span> <span class='ocrx_word' id='word_1_218' title='bbox 1138 3333 1265 3416; x_wconf 89' lang='lat' dir='ltr'><strong>quidem</strong></span> <span class='ocrx_word' id='word_1_219' title='bbox 1290 3335 1347 3402; x_wconf 94' lang='lat' dir='ltr'><strong>du·</strong></span> 
     </span>
    </p>
   </div>
   <div class='ocr_carea' id='block_1_4' title="bbox 161 3553 1348 4227">
    <p class='ocr_par' dir='ltr' id='par_1_5' title="bbox 161 3553 1348 4227">
     <span class='ocr_line' id='line_1_28' title="bbox 254 3553 1348 3624; baseline -0.001 -16"><span class='ocrx_word' id='word_1_220' title='bbox 254 3556 276 3623; x_wconf 87' lang='lat'><strong>¹)</strong></span> <span class='ocrx_word' id='word_1_221' title='bbox 296 3554 427 3608; x_wconf 85' lang='lat' dir='ltr'><strong>Similiter</strong></span> <span class='ocrx_word' id='word_1_222' title='bbox 445 3572 487 3608; x_wconf 89' lang='grc'><strong>111</strong></span> <span class='ocrx_word' id='word_1_223' title='bbox 507 3555 637 3608; x_wconf 88' lang='lat' dir='ltr'><strong>sehabet</strong></span> <span class='ocrx_word' id='word_1_224' title='bbox 656 3573 718 3608; x_wconf 89' lang='lat' dir='ltr'><strong>cum</strong></span> <span class='ocrx_word' id='word_1_225' title='bbox 738 3553 940 3607; x_wconf 68' lang='lat' dir='ltr'><strong>&gt;reumatibus</strong></span> <span class='ocrx_word' id='word_1_226' title='bbox 956 3554 1102 3623; x_wconf 79' lang='lat' dir='ltr'><strong>priscis«</strong></span> <span class='ocrx_word' id='word_1_227' title='bbox 1129 3556 1161 3624; x_wconf 83' lang='lat' dir='ltr'><strong>(I,</strong></span> <span class='ocrx_word' id='word_1_228' title='bbox 1181 3557 1208 3619; x_wconf 85' lang='lat'><strong>7;</strong></span> <span class='ocrx_word' id='word_1_229' title='bbox 1228 3555 1275 3619; x_wconf 86' lang='lat' dir='ltr'><strong>IV,</strong></span> <span class='ocrx_word' id='word_1_230' title='bbox 1296 3556 1348 3624; x_wconf 81' lang='lat'><strong>11),</strong></span> 
     </span>
     <span class='ocr_line' id='line_1_29' title="bbox 167 3640 1347 3709; baseline 0.001 -15"><span class='ocrx_word' id='word_1_231' title='bbox 167 3642 214 3694; x_wconf 89' lang='lat' dir='ltr'><strong>ubi</strong></span> <span class='ocrx_word' id='word_1_232' title='bbox 233 3641 373 3694; x_wconf 89' lang='lat' dir='ltr'><strong>annalium</strong></span> <span class='ocrx_word' id='word_1_233' title='bbox 393 3641 540 3709; x_wconf 85' lang='lat' dir='ltr'><strong>scriptores</strong></span> <span class='ocrx_word' id='word_1_234' title='bbox 559 3659 587 3693; x_wconf 91' lang='lat' dir='ltr'><strong>se</strong></span> <span class='ocrx_word' id='word_1_235' title='bbox 605 3641 722 3694; x_wconf 87' lang='lat' dir='ltr'><strong>volvisse</strong></span> <span class='ocrx_word' id='word_1_236' title='bbox 740 3640 878 3694; x_wconf 87' lang='lat' dir='ltr'><strong>Nasonem</strong></span> <span class='ocrx_word' id='word_1_237' title='bbox 901 3640 992 3694; x_wconf 87' lang='lat' dir='ltr'><strong>dicere</strong></span> <span class='ocrx_word' id='word_1_238' title='bbox 1014 3641 1084 3694; x_wconf 85' lang='lat' dir='ltr'><strong>velle</strong></span> <span class='ocrx_word' id='word_1_239' title='bbox 1106 3642 1153 3694; x_wconf 86' lang='lat' dir='ltr'><strong>vix</strong></span> <span class='ocrx_word' id='word_1_240' title='bbox 1177 3641 1347 3695; x_wconf 85' lang='lat' dir='ltr'><strong>crediderim.</strong></span> 
     </span>
     <span class='ocr_line' id='line_1_30' title="bbox 163 3726 1348 3794; baseline 0.001 -15"><span class='ocrx_word' id='word_1_241' title='bbox 163 3757 195 3764; x_wconf 93' lang='lat'><em>-</em></span> <span class='ocrx_word' id='word_1_242' title='bbox 218 3727 366 3780; x_wconf 88' lang='lat' dir='ltr'><strong>Praeterea</strong></span> <span class='ocrx_word' id='word_1_243' title='bbox 387 3726 562 3794; x_wconf 85' lang='lat' dir='ltr'><strong>Wintherus‚</strong></span> <span class='ocrx_word' id='word_1_244' title='bbox 588 3744 754 3794; x_wconf 89' lang='lat' dir='ltr'><strong>quamquam</strong></span> <span class='ocrx_word' id='word_1_245' title='bbox 776 3727 828 3779; x_wconf 90' lang='lat' dir='ltr'><strong>hoc</strong></span> <span class='ocrx_word' id='word_1_246' title='bbox 851 3726 932 3780; x_wconf 90' lang='lat' dir='ltr'><strong>modo</strong></span> <span class='ocrx_word' id='word_1_247' title='bbox 960 3728 994 3779; x_wconf 87' lang='lat' dir='ltr'><strong>ab</strong></span> <span class='ocrx_word' id='word_1_248' title='bbox 1014 3727 1111 3780; x_wconf 91' lang='lat' dir='ltr'><strong>Ovidio</strong></span> <span class='ocrx_word' id='word_1_249' title='bbox 1139 3727 1244 3780; x_wconf 91' lang='lat' dir='ltr'><strong>fontem</strong></span> <span class='ocrx_word' id='word_1_250' title='bbox 1268 3745 1348 3780; x_wconf 89' lang='lat' dir='ltr'><strong>suurn</strong></span> 
     </span>
     <span class='ocr_line' id='line_1_31' title="bbox 162 3812 1347 3883; baseline 0.003 -19"><span class='ocrx_word' id='word_1_251' title='bbox 162 3812 278 3866; x_wconf 88' lang='lat' dir='ltr'><strong>indicari</strong></span> <span class='ocrx_word' id='word_1_252' title='bbox 297 3812 349 3865; x_wconf 85' lang='lat' dir='ltr'><strong>sibi</strong></span> <span class='ocrx_word' id='word_1_253' title='bbox 367 3813 516 3883; x_wconf 84' lang='lat' dir='ltr'><strong>persuasit,</strong></span> <span class='ocrx_word' id='word_1_254' title='bbox 539 3814 690 3866; x_wconf 89' lang='lat' dir='ltr'><strong>sententiae</strong></span> <span class='ocrx_word' id='word_1_255' title='bbox 709 3829 773 3865; x_wconf 88' lang='lat' dir='ltr'><strong>suae</strong></span> <span class='ocrx_word' id='word_1_256' title='bbox 791 3812 850 3880; x_wconf 92' lang='lat' dir='ltr'><strong>ipse</strong></span> <span class='ocrx_word' id='word_1_257' title='bbox 869 3829 924 3864; x_wconf 92' lang='lat' dir='ltr'><strong>non</strong></span> <span class='ocrx_word' id='word_1_258' title='bbox 943 3830 1050 3881; x_wconf 87' lang='lat' dir='ltr'><strong>semper</strong></span> <span class='ocrx_word' id='word_1_259' title='bbox 1069 3813 1199 3867; x_wconf 89' lang='lat' dir='ltr'><strong>constitit.</strong></span> <span class='ocrx_word' id='word_1_260' title='bbox 1236 3812 1306 3865; x_wconf 90' lang='lat' dir='ltr'><strong>Nam</strong></span> <span class='ocrx_word' id='word_1_261' title='bbox 1325 3814 1347 3881; x_wconf 94' lang='grc' dir='ltr'><strong>Ι,</strong></span> 
     </span>
     <span class='ocr_line' id='line_1_32' title="bbox 162 3897 1347 3967; baseline 0.002 -16"><span class='ocrx_word' id='word_1_262' title='bbox 162 3901 211 3951; x_wconf 80' lang='lat'><strong>289</strong></span> <span class='ocrx_word' id='word_1_263' title='bbox 225 3898 339 3952; x_wconf 89' lang='lat' dir='ltr'><strong>Ovidius</strong></span> <span class='ocrx_word' id='word_1_264' title='bbox 358 3916 397 3965; x_wconf 87' lang='lat' dir='ltr'><strong>ea,</strong></span> <span class='ocrx_word' id='word_1_265' title='bbox 417 3916 486 3965; x_wconf 92' lang='lat' dir='ltr'><strong>quae</strong></span> <span class='ocrx_word' id='word_1_266' title='bbox 505 3899 538 3951; x_wconf 93' lang='lat' dir='ltr'><strong>de</strong></span> <span class='ocrx_word' id='word_1_267' title='bbox 557 3898 625 3951; x_wconf 89' lang='lat' dir='ltr'><strong>Iano</strong></span> <span class='ocrx_word' id='word_1_268' title='bbox 637 3898 786 3967; x_wconf 89' lang='lat' dir='ltr'><strong>praemisit,</strong></span> <span class='ocrx_word' id='word_1_269' title='bbox 806 3898 934 3967; x_wconf 92' lang='lat' dir='ltr'><strong>opposuit</strong></span> <span class='ocrx_word' id='word_1_270' title='bbox 951 3897 993 3966; x_wconf 90' lang='lat' dir='ltr'><strong>iis,</strong></span> <span class='ocrx_word' id='word_1_271' title='bbox 1012 3915 1081 3965; x_wconf 87' lang='lat' dir='ltr'><strong>quae</strong></span> <span class='ocrx_word' id='word_1_272' title='bbox 1100 3899 1135 3951; x_wconf 92' lang='lat' dir='ltr'><strong>ad</strong></span> <span class='ocrx_word' id='word_1_273' title='bbox 1149 3900 1269 3967; x_wconf 86' lang='lat' dir='ltr'><strong>singulos</strong></span> <span class='ocrx_word' id='word_1_274' title='bbox 1289 3900 1347 3953; x_wconf 89' lang='lat' dir='ltr'><strong>dies</strong></span> 
     </span>
     <span class='ocr_line' id='line_1_33' title="bbox 163 3984 1348 4054; baseline 0 -16"><span class='ocrx_word' id='word_1_275' title='bbox 163 3985 333 4053; x_wconf 89' lang='lat' dir='ltr'><strong>pertinerent</strong></span> <span class='ocrx_word' id='word_1_276' title='bbox 352 4001 475 4050; x_wconf 88' lang='lat' dir='ltr'><strong>quaeque</strong></span> <span class='ocrx_word' id='word_1_277' title='bbox 496 4003 544 4037; x_wconf 80' lang='grc'><strong>111</strong></span> <span class='ocrx_word' id='word_1_278' title='bbox 562 3984 628 4053; x_wconf 79' lang='lat' dir='ltr'><strong>ipsis</strong></span> <span class='ocrx_word' id='word_1_279' title='bbox 641 3984 719 4038; x_wconf 81' lang='lat' dir='ltr'><strong>licuit</strong></span> <span class='ocrx_word' id='word_1_280' title='bbox 735 3985 801 4037; x_wconf 78' lang='lat' dir='ltr'><strong>milri</strong></span> <span class='ocrx_word' id='word_1_281' title='bbox 819 3985 918 4038; x_wconf 83' lang='lat' dir='ltr'><strong>discere</strong></span> <span class='ocrx_word' id='word_1_282' title='bbox 930 3985 1041 4054; x_wconf 80' lang='lat' dir='ltr'><strong>fastis«.</strong></span> <span class='ocrx_word' id='word_1_283' title='bbox 1070 3985 1145 4038; x_wconf 88' lang='lat' dir='ltr'><strong>Dicit</strong></span> <span class='ocrx_word' id='word_1_284' title='bbox 1163 3986 1248 4054; x_wconf 86' lang='lat' dir='ltr'><strong>igitur</strong></span> <span class='ocrx_word' id='word_1_285' title='bbox 1266 3991 1348 4054; x_wconf 90' lang='lat' dir='ltr'><strong>poeta</strong></span> 
     </span>
     <span class='ocr_line' id='line_1_34' title="bbox 161 4070 1345 4138; baseline 0.003 -16"><span class='ocrx_word' id='word_1_286' title='bbox 161 4071 253 4138; x_wconf 88' lang='lat' dir='ltr'><strong>priora</strong></span> <span class='ocrx_word' id='word_1_287' title='bbox 281 4087 336 4122; x_wconf 90' lang='lat' dir='ltr'><strong>non</strong></span> <span class='ocrx_word' id='word_1_288' title='bbox 363 4070 499 4124; x_wconf 87' lang='lat' dir='ltr'><strong>exstitisse</strong></span> <span class='ocrx_word' id='word_1_289' title='bbox 526 4071 555 4122; x_wconf 92' lang='lat' dir='ltr'><strong>in</strong></span> <span class='ocrx_word' id='word_1_290' title='bbox 582 4071 672 4137; x_wconf 87' lang='lat' dir='ltr'><strong>fastis,</strong></span> <span class='ocrx_word' id='word_1_291' title='bbox 696 4071 753 4124; x_wconf 92' lang='lat' dir='ltr'><strong>scil.</strong></span> <span class='ocrx_word' id='word_1_292' title='bbox 773 4070 927 4137; x_wconf 84' lang='lat' dir='ltr'><strong>Verrianis,</strong></span> <span class='ocrx_word' id='word_1_293' title='bbox 952 4071 974 4123; x_wconf 91' lang='lat' dir='ltr'><strong>si</strong></span> <span class='ocrx_word' id='word_1_294' title='bbox 997 4071 1174 4126; x_wconf 89' lang='lat' dir='ltr'><strong>Wintherum</strong></span> <span class='ocrx_word' id='word_1_295' title='bbox 1198 4072 1345 4138; x_wconf 88' lang='lat' dir='ltr'><strong>sequimur.</strong></span> 
     </span>
     <span class='ocr_line' id='line_1_35' title="bbox 162 4155 1276 4227; baseline 0.001 -19"><span class='ocrx_word' id='word_1_296' title='bbox 162 4156 266 4209; x_wconf 83' lang='lat' dir='ltr'><strong>Tamen</strong></span> <span class='ocrx_word' id='word_1_297' title='bbox 284 4156 328 4209; x_wconf 91' lang='lat' dir='ltr'><strong>vir</strong></span> <span class='ocrx_word' id='word_1_298' title='bbox 345 4155 441 4208; x_wconf 88' lang='lat' dir='ltr'><strong>doctus</strong></span> <span class='ocrx_word' id='word_1_299' title='bbox 461 4174 493 4209; x_wconf 89' lang='lat' dir='ltr'><strong>ea</strong></span> <span class='ocrx_word' id='word_1_300' title='bbox 511 4173 619 4223; x_wconf 86' lang='lat' dir='ltr'><strong>quoque</strong></span> <span class='ocrx_word' id='word_1_301' title='bbox 638 4156 672 4209; x_wconf 86' lang='lat' dir='ltr'><strong>ad</strong></span> <span class='ocrx_word' id='word_1_302' title='bbox 690 4157 782 4209; x_wconf 90' lang='lat' dir='ltr'><strong>Verrii</strong></span> <span class='ocrx_word' id='word_1_303' title='bbox 799 4157 891 4210; x_wconf 87' lang='lat' dir='ltr'><strong>Flacci</strong></span> <span class='ocrx_word' id='word_1_304' title='bbox 910 4157 994 4211; x_wconf 87' lang='lat' dir='ltr'><strong>fastos</strong></span> <span class='ocrx_word' id='word_1_305' title='bbox 1013 4157 1153 4212; x_wconf 88' lang='lat' dir='ltr'><strong>revocavit</strong></span> <span class='ocrx_word' id='word_1_306' title='bbox 1175 4159 1210 4226; x_wconf 85' lang='lat' dir='ltr'><strong>(p.</strong></span> <span class='ocrx_word' id='word_1_307' title='bbox 1224 4159 1276 4227; x_wconf 75' lang='lat'>28).</span> 
     </span>
    </p>
   </div>
   <div class='ocr_carea' id='block_1_5' title="bbox 169 4259 1345 4414">
    <p class='ocr_par' dir='ltr' id='par_1_6' title="bbox 169 4259 1345 4414">
     <span class='ocr_line' id='line_1_36' title="bbox 252 4259 1345 4331; baseline 0.004 -21"><span class='ocrx_word' id='word_1_308' title='bbox 252 4261 277 4327; x_wconf 86' lang='lat'><strong>²)</strong></span> <span class='ocrx_word' id='word_1_309' title='bbox 295 4259 387 4312; x_wconf 86' lang='lat' dir='ltr'><strong>Facile</strong></span> <span class='ocrx_word' id='word_1_310' title='bbox 406 4261 506 4329; x_wconf 87' lang='lat' dir='ltr'><strong>opponi</strong></span> <span class='ocrx_word' id='word_1_311' title='bbox 524 4264 643 4328; x_wconf 85' lang='lat' dir='ltr'><strong>poterat:</strong></span> <span class='ocrx_word' id='word_1_312' title='bbox 676 4262 765 4313; x_wconf 81' lang='lat' dir='ltr'><strong>»rates</strong></span> <span class='ocrx_word' id='word_1_313' title='bbox 783 4276 914 4328; x_wconf 81' lang='lat' dir='ltr'><strong>operose</strong></span> <span class='ocrx_word' id='word_1_314' title='bbox 932 4260 1053 4314; x_wconf 78' lang='lat' dir='ltr'><strong>dieram«</strong></span> <span class='ocrx_word' id='word_1_315' title='bbox 1075 4261 1107 4331; x_wconf 84' lang='grc' dir='ltr'><strong>(Ι,</strong></span> <span class='ocrx_word' id='word_1_316' title='bbox 1128 4262 1185 4329; x_wconf 88' lang='grc'><strong>101,</strong></span> <span class='ocrx_word' id='word_1_317' title='bbox 1204 4262 1256 4329; x_wconf 87' lang='grc' dir='ltr'><strong>ΙΙΙ,</strong></span> <span class='ocrx_word' id='word_1_318' title='bbox 1276 4262 1345 4331; x_wconf 83' lang='grc'><strong>177).</strong></span> 
     </span>
     <span class='ocr_line' id='line_1_37' title="bbox 169 4343 888 4414; baseline 0.004 -18"><span class='ocrx_word' id='word_1_319' title='bbox 169 4343 221 4398; x_wconf 84' lang='lat' dir='ltr'><strong>Sed</strong></span> <span class='ocrx_word' id='word_1_320' title='bbox 239 4345 339 4398; x_wconf 89' lang='lat' dir='ltr'><strong>talibus</strong></span> <span class='ocrx_word' id='word_1_321' title='bbox 359 4345 527 4414; x_wconf 85' lang='lat' dir='ltr'><strong>argumentis</strong></span> <span class='ocrx_word' id='word_1_322' title='bbox 546 4345 614 4401; x_wconf 90' lang='lat' dir='ltr'><strong>nihil</strong></span> <span class='ocrx_word' id='word_1_323' title='bbox 633 4345 744 4399; x_wconf 90' lang='lat' dir='ltr'><strong>omnino</strong></span> <span class='ocrx_word' id='word_1_324' title='bbox 762 4345 888 4400; x_wconf 87' lang='lat' dir='ltr'><strong>efficitur.</strong></span> 
     </span>
    </p>
   </div>
   <div class='ocr_carea' id='block_1_6' title="bbox 0 0 1615 4942">
    <p class='ocr_par' dir='ltr' id='par_1_7' title="bbox 0 0 1615 4942">
     <span class='ocr_line' id='line_1_38' title="bbox 0 0 1615 4942; baseline 0 0"><span class='ocrx_word' id='word_1_325' title='bbox 0 0 1615 4942; x_wconf 95' lang='lat' dir='ltr'><strong> </strong></span> 
     </span>
    </p>
   </div>
  </div>
 </body>
</html>
