3214 4942
727 358 939 419 -22..

240 544 383 610 iectandi
404 542 529 609 libidini
552 541 649 609 nimis
676 542 871 626 indulgeam,
894 545 928 609 in
948 564 985 610 eo
1012 545 1192 628 acquiesco,
1215 550 1261 628 ut,
1285 565 1368 626 qnae
1383 547 1425 611 ad

243 656 419 722 Varronem
440 659 597 735 tanquam
617 659 784 720 6661611161
800 661 964 721 auctorem
981 693 1017 701 -
1037 655 1226 724 Mommseni
1243 665 1286 739 (p.
1302 657 1423 736 XXIX)

239 765 348 834 verbis
379 771 514 832 6161-
544 767 691 848 redeant,
719 785 876 847 exponam
902 766 1070 849 Verriiqne
1096 768 1185 834 locos
1214 769 1364 835 adnutum
1392 773 1425 834 et

240 897 306 961 eos,
330 877 384 959 qui
407 877 581 944 concinunt
605 897 674 944 61116
699 878 817 955 Solino,
846 884 879 943 et
909 898 975 962 eos,
1005 879 1271 962 quidiscrepant
1294 879 1423 962 abillo,

239 989 273 1054 in
297 988 391 1055 dnbio
414 989 612 1071 relinquens,
637 988 809 1071 singulare
832 989 1012 1056 eVarrone
1035 1011 1094 1072 per
1107 991 1255 1058 Verrium
1274 991 1307 1056 in
1324 989 1425 1056 Solini

239 1101 355 1166 librum
378 1100 600 1166 redundarint.
646 1098 712 1165 Neo
735 1120 812 1166 vero
842 1102 881 1166 de
912 1102 1058 1168 omnibns
1090 1103 1160 1169 eins
1191 1101 1422 1168 additamentis

240 1211 347 1278 dicere
369 1212 402 1277 16
425 1211 531 1277 661166
555 1213 670 1293 habeo,
703 1212 760 1277 sed
789 1232 853 1278 non
877 1213 940 1278 nisi
963 1213 997 1279 in
1020 1233 1058 1279 66
1080 1214 1250 1297 inquiram,
1279 1234 1362 1295 quae
1385 1214 1424 1279 de

241 1324 343 1390 Roma
365 1325 445 1390 urbe
467 1323 522 1389 1116
545 1325 635 1405 operi
659 1343 716 1389 suo
740 1323 921 1405 praemisit.

251 1461 253 1466 ’
326 1434 424 1501 Primi
453 1434 571 1516 capitis
600 1436 807 1517 paragrapho
836 1435 951 1518 prima,
983 1437 1134 1519 secunda,
1153 1435 1265 1503 ’161116
1291 1445 1360 1503 1166
1384 1439 1424 1503 116

240 1545 328 1613 urbis
353 1546 478 1628 origine
502 1547 685 1612 sententiae
701 1553 934 1628 proponuntur.
974 1549 1062 1627 Quae
1086 1568 1196 1615 omnes
1213 1548 1329 1616 obviae
1346 1556 1423 1615 61161

241 1659 326 1739 apud
349 1657 483 1725 Festum
508 1679 538 1740 p.
556 1661 685 1738 166166.
732 1658 840 1724 Ρ11166
868 1663 967 1740 atque
996 1660 1102 1726 altera
1131 1660 1304 1742 explicatio
1331 1681 1424 1742 prae·

241 1776 332 1836 terea
355 1775 466 1836 exstat
486 1771 572 1852 apud
593 1769 698 1836 Servii
713 1765 984 1851 interpolatorem
1002 1771 1044 1836 ad
1059 1774 1139 1836 Aen.
1157 1771 1179 1854 l,
1196 1775 1270 1855 273,
1286 1773 1425 1838 alteram

240 1901 279 1947 ac
314 1882 447 1948 tertiam
476 1881 670 1948 Plutarchus
701 1901 827 1963 quoque
860 1882 893 1947 in
928 1883 1055 1950 Romuli
1089 1903 1159 1967 cap.
1184 1885 1285 1966 primo
1314 1889 1347 1950 61
1375 1905 1425 1950 66·

241 1994 343 2060 666116
367 1994 513 2076 protulit.
560 1994 678 2060 Omnes
707 1998 815 2058 autem
845 1994 906 2059 hae
930 1994 1125 2062 Graecorum
1154 1998 1193 2062 de
1216 1997 1336 2063 Romae
1362 1999 1426 2063 ori·

241 2105 316 2185 gine
354 2105 486 2170 fabulae
524 2104 599 2186 quin
633 2124 692 2186 per
725 2103 903 2171 Varronem
941 2108 983 2171 ad
1017 2107 1215 2188 posteriores
1249 2108 1425 2190 scriptores

241 2222 444 2299 propagatae
468 2215 544 2299 sint,
574 2235 677 2300 nemo,
707 2220 864 2298 quantum
888 2218 964 2300 6616,
993 2224 1069 2299 6661
1093 2218 1284 2303 Xiesslingii
1306 2219 1425 2286 disser-

241 2327 398 2394 tationem
422 2331 536 2409 (1142)
560 2328 698 2394 dubitat.

329 2439 559 2521 Paragraphus
588 2443 715 2522 quarte,
747 2438 870 2522 quinta,
900 2445 993 2506 sexta
1021 2461 1039 2506 e
1065 2441 1168 2508 Plinio
1198 2443 1341 2526 (11165)
1370 2465 1424 2510 ex-

243 2535 385 2632 scriptae
408 2555 493 2617 sunt.

328 2663 537 2746 Paragrapho
562 2663 701 2746 septima
725 2683 793 2744 sqq.
841 2663 969 2730 Solinus
996 2664 1130 2731 uberius
1155 2667 1322 2734 enarravit
1346 2667 1424 2733 Her·

243 2775 324 2840 culis
351 2775 384 2840 in
411 2775 538 2841 ltaliam
567 2777 753 2841 adventum.
799 2776 846 2840 nc
876 2775 1012 2857 primum
1042 2776 1168 2857 quidem
1196 2777 1309 2860 punito
1339 2779 1423 2845 Caco

243 2886 411 2952 Herculem
435 2887 502 2953 lovi
526 2886 691 2953 Inventori
719 2906 756 2952 eo
778 2886 860 2969 loco,
897 2886 952 2951 ubi
982 2893 1098 2968 postea
1121 2893 1217 2969 porta
1240 2889 1424 2972 Trigemina

243 3002 343 3080 esset,
366 3017 456 3062 aram
480 2997 649 3064 dedicasse
671 2997 717 3063 ibi
739 2997 887 3078 legimns.
1154 3084 1156 3089 ,

329 3109 417 3186 Quae
445 3110 564 3190 optime
594 3108 802 3175 consentiunt
833 3129 902 3175 cum
928 3109 1059 3192 Dionys.
1080 3110 1104 3193 Ι,
1129 3114 1179 3194 39,
1204 3116 1233 3177 4.
1284 3115 1425 3194 »ἁγνίσας

243 3221 277 3282 δὲ
302 3225 345 3302 τῷ
368 3225 494 3302 ποταμῷ
518 3224 567 3282 τὸν
592 3223 684 3302 φόνον
708 3220 843 3303 ἱδρύεται
867 3223 987 3303 πλησίον
1012 3225 1064 3281 τοῦ
1081 3226 1172 3284 τόποο
1189 3224 1258 3290 Διὸς
1275 3227 1424 3307 Εὑρεσίου

241 3335 358 3416 βωμὸν,
383 3335 417 3398 ὅς
440 3333 503 3394 ἐστι
527 3331 713 3417 τῆς-Ῥώμης
735 3333 818 3415 παρὰ
842 3337 878 3415 τῇ
907 3332 1046 3415 Τριδύμῳ
1070 3334 1172 3418 wilpa<
1194 3379 1197 3386 .

241 3584 319 3637 libris
338 3583 524 3636 661616116616
544 3583 683 3651 cupientes
703 3600 747 3636 eos
767 3600 860 3636 omnes
883 3582 1028 3650 scriptores
1051 3583 1178 3650 laudant,
1207 3601 1273 3650 quos
1297 3587 1425 3640 collectos

242 3672 407 3724 invenerunt
429 3671 458 3722 in
479 3669 601 3722 fontibus
626 3669 688 3721 6616.
726 3669 833 3722 Citatur
855 3672 946 3721 autem
966 3686 981 3720 a
1001 3667 1091 3721 Selino
1110 3669 1146 3722 M.
1166 3669 1309 3724 Terentius
1328 3673 1425 3740 Varr0,

243 3775 298 3810 non
325 3757 426 3809 citatur
452 3756 565 3810 Verrius
592 3750 713 3809 Flaccus.
758 3757 856 3823 Itaque
887 3773 949 3808 oum
980 3772 1036 3807 non
1065 3755 1220 3823 videamus,
1251 3775 1300 3809 cur
1326 3758 1425 3826 Verrii,

243 3842 394 3896 doctissimi
408 3843 588 3910 grammatici,
608 3843 770 3894 auctoritate
788 3843 889 3894 librum
909 3859 988 3893 suum
1008 3858 1140 3894 exornare
1158 3843 1277 3895 noluerit
1296 3875 1327 3882 -
1346 3845 1375 3896 id
1393 3862 1425 3898 eo

244 3929 436 3998 explicandum
456 3947 523 3996 esse,
542 3929 615 4000 quod
627 3930 717 3997 ipsum
730 3929 858 3981 Verrium
871 3928 916 3979 ille
930 3927 1088 3995 inspexerit,
1107 3946 1187 3980 nemo
1201 3929 1294 3981 credet
1312 3961 1344 3967 -
1364 3949 1425 3983 eum

243 4035 277 4070 nc
296 4016 418 4068 insonte
437 4015 547 4082 quidem
567 4015 751 4084 compilatoris
771 4015 886 4082 citatum
905 4018 986 4081 atque
1000 4031 1159 4080 expressum
1172 4014 1255 4067 161666
1267 4016 1325 4068 veri
1339 4016 1426 4068 simile

244 4102 311 4154 mihi
332 4101 448 4154 videtur.
486 4101 544 4167 Qua
569 4120 598 4153 re
617 4102 651 4152 ad
661 4101 813 4153 Varronem
830 4100 920 4168 potius
941 4117 1022 4166 quarn
1037 4099 1071 4152 ad
1080 4100 1208 4152 Verrium
1221 4119 1253 4154 66
1265 4103 1426 4170 rettulerim,

244 4207 313 4256 quae
332 4191 379 4239 aut
398 4205 431 4240 ex
449 4188 500 4239 hoc
519 4192 566 4239 aut
584 4205 617 4239 ex
636 4187 682 4239 illo
701 4187 825 4256 profecta
843 4203 901 4238 esse
919 4190 1004 4254 patet,
1034 4192 1061 4239 et
1085 4205 1117 4240 ea
1136 4205 1251 4255 quoqne,
1276 4206 1344 4255 quae
1363 4188 1427 4241 Ver-

244 4274 383 4326 rianorum
402 4273 501 4325 similia
518 4274 647 4340 leguntur
666 4274 738 4342 apud
757 4273 887 4335 Solinum‚
906 4291 961 4324 non
980 4291 994 4326 e
1013 4273 1118 4340 Verrio,
1140 4274 1187 4326 sed
1206 4273 1323 4330 eVerrii
1342 4274 1426 4343 fonte,

210 4387 214 4392 ·
243 4359 260 4412 i.
274 4377 296 4412 6.
310 4377 325 4412 6
337 4358 469 4426 Varrone,
488 4359 576 4412 accita
594 4376 652 4411 esse
671 4358 832 4428 putaverim.
