3214 4942
740 323 954 388 ..43-

258 513 338 576 abus
362 509 395 575 in
417 511 514 574 rebus
530 514 662 591 poetam
677 507 849 575 manifesto
866 507 1011 574 aVerrio
1028 508 1194 574 discedere
1210 513 1244 574 et
1257 507 1436 573 Varronem

259 621 350 703 sequi
374 619 548 686 Merkelius
573 621 730 702 (prolegg.
755 640 785 701 p.
802 619 881 697 Clll)
905 619 1174 697 animadvertit.¹)

344 730 519 798 Publicium
543 730 626 797 enim
650 731 768 797 clivum
791 751 811 796 a
834 729 986 797 Publiciis
1017 731 1175 798 aedilibus
1199 731 1304 813 plebei
1327 729 1438 796 aedifi·

257 850 366 910 catum
389 862 463 909 esse
486 842 621 909 Ovidius
639 843 676 925 V,
701 845 761 908 aa?
786 841 884 908 canit.
930 842 1016 907 ldem
1034 842 1137 908 Varro
1161 843 1200 907 de
1223 843 1244 907 l.
1258 843 1293 908 L.
1308 842 1346 923 V,
1369 843 1437 906 158.

347 955 476 1020 »Clivus
505 954 673 1020 Publicius
707 956 746 1020 ab
778 953 936 1019 aedilibus
963 953 1069 1035 plebei
1099 954 1245 1021 Publicis
1277 953 1334 1036 qui
1368 975 1438 1017 eam

251 1066 380 1150 publice
403 1066 641 1148 aedificarunt«

345 1177 466 1244 Contra
490 1177 645 1243 curules
661 1176 782 1242 aediles
799 1178 974 1244 secundnm
990 1177 1139 1244 Verrium
1155 1175 1291 1243 Publicii
1308 1176 1438 1243 fuerunt

258 1289 360 1371 (Fest.
377 1309 407 1370 p.
425 1290 523 1370 asab,
547 1291 611 1366 28).
660 1288 750 1354 Licet
784 1290 866 1353 hanc
900 1309 967 1354 rem
1002 1309 1065 1356 non
1099 1288 1328 1371 gravissimam
1364 1305 1438 1351 esse

261 1401 448 1467 Wintherus
472 1402 588 1481 (1152)
611 1405 701 1465 recte
724 1400 932 1466 iudicaverit:
961 1401 989 1466 si
1011 1399 1144 1467 Ovidius
1168 1420 1265 1466 unum
1290 1397 1437 1464 Verrium

261 1511 414 1594 inspexit,
438 1531 501 1592 qua
524 1531 624 1577 causa
647 1521 776 1594 poetam
792 1512 964 1578 adductum
980 1531 1054 1578 esse
1070 1517 1179 1595 putea,
1195 1516 1242 1594 ut,
1265 1529 1336 1576 cum
1352 1509 1439 1592 apud

259 1623 350 1689 illum
372 1623 498 1705 legeret
521 1621 637 1690 clivum
661 1623 838 1690 Publicium
873 1644 893 1689 a
921 1623 1124 1690 curulibus
1155 1622 1313 1689 aedilibus
1337 1620 1439 1687 muni·

259 1739 329 1801 tum
356 1752 441 1815 esse,
475 1734 603 1816 plebei
634 1733 860 1819 magistratus,
894 1736 926 1800 id
959 1735 1042 1817 quod
1067 1735 1169 1801 Varro
1193 1736 1440 1817 praeposuerat,

260 1864 317 1912 eos
340 1825 441 1910 fuisse
463 1848 637 1912 narrarent>

347 1956 394 2021 De
429 1957 545 2039 Argeis
579 1977 661 2040 quae
695 1957 892 2041 Ovidius'll,
916 1961 975 2022 621
1002 1977 1071 2039 sqq.
1100 1956 1240 2040 exhibet,
1275 1957 1317 2022 ad
1347 1954 1439 2022 Fest.

226 2080 230 2086 ’
261 2088 292 2151 p.
310 2070 372 2132 334
394 2068 502 2134 redire
515 2068 702 2136 Wintherus
726 2075 769 2152 (p.
787 2073 840 2140 531
856 2069 993 2136 censuit.
1033 2069 1097 2136 Sed
1117 2088 1149 2134 v.
1166 2071 1227 2133 627
1245 2089 1292 2150 sq.
1309 2074 1440 2151 poetam

261 2177 382 2244 imitari
409 2179 573 2246 oraculum
596 2200 616 2244 a
635 2179 781 2246 Varrone
804 2181 960 2247 traditum
976 2181 1178 2247 Hermannus
1191 2180 1308 2246 Petrus
1332 2179 1439 2261 (Ouid.

261 2289 338 2356 iast.
362 2290 425 2356 vol.
443 2289 480 2372 ll,
504 2311 534 2372 p.
553 2293 606 2371 74)
629 2295 719 2357 recte
743 2291 906 2375 cognovit,
937 2293 1020 2358 unde
1042 2296 1144 2359 totam
1168 2293 1252 2357 hanc
1277 2311 1345 2356 rem
1368 2311 1441 2358 eum

262 2420 280 2466 e
305 2399 451 2466 Vamone
480 2401 660 2484 sumpsisse
694 2402 872 2481 efficitur.²)
917 2402 1027 2484 Neque
1049 2403 1098 2468 ita
1121 2402 1284 2469 consentit
1306 2401 1440 2468 Ovidius

260 2531 332 2578 cum
355 2511 494 2590 Festo.³)
550 2512 695 2594 Quinque
724 2513 808 2580 enim
843 2533 1028 2597 causarum,
1067 2534 1149 2596 quas
1178 2513 1231 2579 hic
1262 2521 1439 2595 enumerat,

261 2624 395 2688 eandem
411 2643 474 2688 non
490 2623 554 2689 nisi
569 2644 666 2690 unam
679 2624 814 2692 Ovidius
830 2626 932 2692 tradit
952 2628 1017 2703 (vv.
1028 2627 1126 2702 633l4
1145 2645 1173 2668 -·-·
1190 2625 1281 2692 Fest.
1295 2645 1325 2706 p.
1339 2625 1440 2706 3341),

263 2737 302 2800 10
326 2735 420 2816 sqq).
467 2733 516 2799 Ex
549 2735 663 2802 alteris
697 2737 821 2803 duabus
855 2756 952 2802 unam
984 2737 1260 2803 narratiunculam
1284 2756 1354 2802 eum
1379 2733 1443 2801 sibi

262 2845 422 2911 conflasse
440 2843 628 2912 Wintherus
653 2846 802 2930 coniecit,
826 2849 886 2913 hoc
908 2848 1001 2913 modo
1025 2849 1145 2914 tollens
1169 2849 1363 2931 dissensum,
1387 2846 1441 2929 qui

262 2956 308 3022 ibi
331 2960 443 3022 exstat
468 2955 556 3021 inter
580 2957 727 3024 Ovidium
751 2957 959 3040 Festumque.
1006 2958 1162 3036 Quartam
1193 2959 1441 3042 explicationem

262 3065 349 3134 Naso
373 3067 470 3149 plane
493 3067 650 3151 neglexit,
674 3089 694 3134 a
717 3069 830 3151 quinta
854 3089 890 3135 eo
914 3068 1091 3153 discrepat,
1115 3072 1199 3153 quod
1215 3070 1348 3137 Verrius
1371 3071 1442 3138 Diti

261 3177 358 3261 patri,
381 3177 452 3259 ipse
470 3179 609 3245 Saturno
627 3179 860 3262 sexagenarios
876 3181 1059 3246 immolatos
1076 3201 1150 3248 esse
1166 3190 1281 3248 narrat
1298 3186 1341 3262 (v.
1355 3185 1441 3262 627).

260 3287 440 3372 Aptissime
463 3296 572 3355 autem
596 3291 713 3375 omnia,
737 3312 820 3374 quae
836 3290 972 3358 Ovidius
995 3291 1040 3358 ibi
1056 3293 1184 3377 cecinit,
1209 3295 1251 3359 ad
1263 3294 1440 3361 Varronem

261 3399 378 3466 referri
400 3406 547 3483 possunt.
586 3400 707 3468 Eadem
731 3401 815 3468 enirn
838 3404 878 3468 de
893 3403 1075 3470 hominibus
1092 3405 1232 3472 Saturno
1255 3405 1441 3489 immolatis,

351 3621 374 3690 ¹)
395 3620 434 3674 ef.
454 3621 548 3676 Huels.
566 3642 592 3692 p.
605 3625 639 3676 42
658 3641 696 3691 sq.

352 3708 376 3776 ²)
396 3706 474 3773 Quod
493 3707 514 3760 si
534 3709 594 3775 quis
613 3711 754 3763 oraculum
773 3728 881 3778 quoque
898 3711 968 3764 illud
985 3713 1076 3766 locum
1094 3713 1222 3767 habuisse
1240 3713 1269 3766 in
1287 3714 1364 3768 fastis
1378 3715 1441 3769 Ver·

262 3792 345 3846 rianis
364 3793 433 3845 mihi
452 3793 596 3862 obiecerit,
620 3813 684 3848 sane
702 3814 757 3849 non
775 3797 864 3849 habeo
883 3799 981 3864 quibus
1004 3817 1067 3852 eum
1090 3799 1215 3852 refutem.
1251 3800 1346 3868 Neque
1369 3802 1441 3854 enim

262 3896 384 3946 unquam
403 3879 484 3932 certis
504 3881 671 3948 argumentis
685 3882 867 3936 demonstrari
879 3889 970 3952 potest
982 3886 1066 3938 ullam
1083 3903 1141 3938 rem
1159 3885 1198 3938 ibi
1217 3903 1279 3938 non
1298 3889 1440 3941 exstitisse.

263 3964 316 4018 Sed
333 3965 381 4018 vix
403 3965 533 4018 credibile
560 3967 628 4018 mihi
654 3967 764 4021 videtur
786 3969 852 4021 talia
875 3970 982 4037 prolata
1004 3971 1086 4023 fuisse
1109 3971 1137 4023 in
1160 3970 1237 4024 fastis
1256 3972 1441 4027 Praenestino·

263 4068 325 4102 rum
343 4051 491 4119 similibus,
514 4069 581 4119 quos
599 4071 634 4106 ne
651 4057 738 4106 totam
757 4055 852 4107 orbem
871 4055 1067 4123 antiquitatum
1085 4055 1284 4125 Romanarum,
1307 4058 1364 4110 sive
1387 4077 1442 4127 per-

263 4136 390 4189 tinebant
409 4137 443 4189 ad
462 4137 581 4206 singulos
601 4139 658 4192 dies
677 4135 760 4192 festos
780 4140 837 4193 sive
855 4141 935 4207 longe
954 4141 1068 4193 aberant
1082 4143 1115 4194 ab
1130 4141 1192 4209 illis,
1211 4143 1367 4211 complexos
1386 4162 1443 4197 esse

264 4240 328 4275 oum
347 4222 495 4277 Winthero
513 4229 649 4294 putemus,
670 4225 822 4278 cavendum
840 4231 889 4278 est.

352 4309 376 4377 ³)
399 4307 438 4363 ef.
457 4309 583 4379 Ehwald,
601 4311 732 4366 Bursians
751 4311 908 4366 Jahresber.
928 4313 1003 4382 1885,
1021 4317 1045 4382 2,
1065 4316 1122 4368 172.
