3214 4942
699 307 911 370 ..23-

217 515 342 576 qnoque
372 494 544 562 concessit.
590 490 765 559 Manifesta
799 493 882 558 enim
917 493 950 559 id
985 495 1106 576 elucet,
1143 495 1172 560 si
1206 495 1401 562 conferimus

216 609 315 673 verba
362 607 403 672 ab
450 605 686 688 interpolatore
728 603 840 670 addita
892 606 1102 673 »imrnatarae
1150 608 1282 674 aetolis«
1330 627 1400 674 cum

218 716 350 798 Dionys.
367 717 390 800 l,
414 719 464 799 43,
488 721 522 781 ⁶2:
558 718 733 777 »Πάλλαντα
755 715 812 798 μὲν
836 713 888 777 οὖν
912 719 992 798 πρὶν
1017 720 1151 800 ἡβῆσαι
1175 719 1309 799 λέγουσιν
1333 721 1402 778 ἀπο-

217 830 346 889 iterata«
357 827 378 902 ¹)
424 829 487 893 Sed
517 827 574 895 vix
600 828 719 893 addere
747 828 855 909 potnit
883 829 1098 910 interpolator
1126 830 1187 895 duo
1210 828 1267 895 illa
1289 831 1399 913 verba,

216 937 279 1003 nisi
314 940 447 1004 eundem
478 940 529 1005 vel
557 939 693 1006 similem
722 939 846 1006 iontem
869 975 911 984 -
933 939 997 1005 ie.
1015 959 1055 1005 ex
1084 941 1195 1006 eodem
1224 940 1313 1006 fonte
1336 940 1401 1022 pri·

216 1049 316 1116 mario
346 1050 516 1117 deductum
541 1087 577 1098 -
604 1050 821 1116 adhibuisset:
848 1050 882 1116 id
910 1052 993 1132 qnod
1016 1052 1189 1125 fortasse²t
1214 1052 1267 1118 vel
1294 1051 1397 1151 ipsius

216 1160 464 1243 interpolatoris
492 1162 601 1228 verbis
634 1164 872 1244 comprobatur.
918 1164 996 1229 item
1027 1163 1111 1234 euim
1145 1168 1182 1230 nt
1215 1183 1234 1228 a
1261 1163 1400 1246 genuino

218 1271 341 1354 Serum,
370 1273 401 1338 in
432 1273 665 1340 additamentis
694 1294 820 1354 qnoque
848 1274 893 1340 ibi
923 1274 994 1356 ipse
1020 1275 1121 1340 Varro
1145 1276 1307 1342 laudatur.
1354 1275 1400 1341 Eo

216 1383 328 1465 igitur,
355 1385 447 1464 qnod
476 1385 691 1467 interpolator
719 1385 901 1451 Herculis
930 1385 1028 1452 filium
1059 1386 1267 1468 significavit,
1297 1385 1401 1452 Servii

218 1515 343 1576 qnoque
365 1495 397 1561 iu
426 1497 517 1561 t'onte
545 1497 679 1562 eundem
703 1503 984 1563 commemoratum
1014 1497 1115 1563 fnisse
1146 1497 1231 1562 effici
1253 1497 1400 1565 mihi-vi·

217 1607 322 1672 detur.
368 1607 423 1672 Sin
459 1614 568 1674 antem
604 1608 752 1674 Herculis
785 1609 885 1674 tilium
916 1609 1096 1674 Pallantem
1112 1635 1114 1640 ’
1129 1608 1231 1674 fnisse
1266 1609 1399 1677 Servius

216 1719 378 1802 probavit,
414 1719 535 1801 optime
570 1740 607 1785 eo
642 1719 782 1786 concinit
810 1741 880 1787 cum
905 1719 1060 1802 Dionysio
1088 1719 1228 1801 itemque
1259 1721 1401 1788 concinit

217 1849 287 1895 cnm
311 1830 366 1895 illo
390 1851 429 1896 ea
453 1851 497 1911 re,
522 1833 605 1912 qnod
630 1831 824 1896 Pollentiam
849 1835 890 1896 ab
909 1832 1044 1896 Hercule
1068 1831 1217 1898 vitiatam
1241 1852 1315 1898 esse
1334 1837 1401 1899 tra·

217 1943 308 2010 didit.
362 1942 441 2009 Nam
476 1943 537 2009 etsi
574 1943 642 2009 eius
678 1963 811 2008 nomen
847 1943 1051 2008 desideratur
1084 1944 1170 2024 apud
1200 1943 1400 2027 Dionysium,

216 2054 312 2120 buius
347 2055 379 2120 in
413 2055 504 2121 fonte
536 2054 616 2120 illud
649 2075 711 2120 non
747 2055 887 2120 celatum
920 2054 1023 2119 fnisse
1057 2055 1128 2119 coll.
1176 2053 1288 2121 Verrio
1317 2055 1400 2120 satis

217 2171 339 2232 certnm
364 2173 425 2232 est.
472 2166 586 2232 Omnia
609 2165 719 2248 igitur,
748 2185 831 2247 qnae
854 2164 1033 2230 eVarrone
1056 2165 1232 2247 exscripsit
1256 2165 1400 2248 Servius

218 2298 352 2359 prorsus
387 2277 596 2344 consentiunt
630 2297 700 2343 cnm
732 2277 881 2359 Dionysii
911 2275 1080 2358 Verriiqne
1107 2277 1233 2359 verbiS,
1267 2298 1400 2358 quornm

218 2390 452 2456 Varronianam
475 2389 632 2471 originem
658 2409 757 2471 supra
780 2388 982 2471 agnovimus.
1027 2387 1099 2453 Una
1120 2387 1153 2452 in
1175 2407 1212 2452 re
1234 2388 1402 2471 discrepat-

217 2521 237 2566 a
266 2501 400 2568 ceteris:
435 2500 617 2566 Pallantiae
651 2499 773 2566 nomini
806 2499 932 2566 addidit
966 2501 1066 2565 verba
1097 2500 1185 2581 »pilia
1212 2501 1398 2567 Euandri«.

218 2612 280 2678 Sed
304 2613 377 2679 vide
400 2633 440 2679 ne
463 2613 594 2679 nimiam
617 2614 711 2678 fidem
736 2611 847 2679 Servio
871 2613 931 2676 hac
961 2610 993 2676 in
1017 2631 1052 2676 re
1076 2612 1207 2676 habeas
1254 2612 1346 2695 Quid,
1371 2611 1400 2678 si

219 2724 300 2790 talia
323 2724 390 2790 fere
413 2724 496 2806 legit
518 2724 551 2789 iu
574 2725 664 2790 fonte
688 2744 761 2790 sno:

307 2839 493 2903 »secandam
521 2838 696 2902 Varronem
724 2859 746 2901 a
770 2837 944 2903 Pallantia
971 2837 1011 2900 ab
1033 2835 1172 2901 Herc-ale
1197 2835 1315 2902 vitiata
1343 2844 1399 2919 etp.

216 2970 241 3013 s.
258 2983 299 2992 —
322 2985 363 2992 —
386 2985 427 2994 —
453 2950 502 3015 cel
523 2956 600 3015 carle
623 2972 644 3014 a
662 2947 824 3029 Pallante,
846 2948 914 3029 ,utto
936 2948 1004 3012 eius
1027 2953 1119 3029 atque
1133 2948 1288 3012 Euandri
1300 2948 1399 3030 filiae,

216 3060 285 3126 illic
306 3061 465 3143 sepulto?‹<

302 3169 414 3238 Nonne
436 3173 662 3254 neglegentem
686 3170 928 3252 compilatorem
949 3169 1133 3236 confudisse
1149 3169 1343 3235 Pallantiam
1361 3191 1400 3236 ac

216 3284 375 3350 Pallantis
409 3290 547 3350 matrem
581 3284 744 3362 verbaque
779 3282 865 3364 »filia
889 3283 1060 3347 anadri«
1094 3301 1202 3347 errore
1236 3283 1278 3346 ad
1311 3281 1399 3347 illam

215 3395 425 3462 transtulisse
461 3396 558 3461 facile
592 3393 733 3476 cogitari
766 3393 936 3475 potestas
986 3393 1048 3458 Sed
1083 3413 1270 3474 quocunque
1306 3395 1399 3459 modo

214 3508 295 3572 baec
321 3527 374 3573 res
406 3527 441 3573 se
471 3510 570 3573 habet
592 3543 634 3550 —
665 3505 735 3572 sive
756 3504 889 3571 Servius
918 3506 1002 3571 male
1027 3505 1171 3570 reddidit
1194 3503 1399 3571 Varroniana

214 3619 284 3684 sive
329 3624 459 3700 praeter
502 3617 652 3702 Dionysii
694 3622 728 3683 et
773 3615 877 3682 Verrii
919 3616 1109 3683 relationem
1153 3614 1250 3680 aliam
1295 3615 1398 3681 Varro

305 3841 327 3908 ¹)
346 3840 492 3894 Praeterea
510 3859 549 3908 ea,
577 3858 646 3907 quae
665 3841 698 3893 de
716 3839 863 3892 Euandri
881 3838 937 3890 filio
955 3837 1069 3906 profert,
1090 3855 1157 3890 voce
1178 3837 1243 3890 >mitt
1273 3838 1340 3907 (scil.
1361 3838 1397 3890 di-

215 3927 306 3994 cunt)«
327 3926 469 3994 coniungit
490 3944 551 3979 cum
569 3927 714 3996 prioribus.

303 4031 326 4098 ²)
348 4030 503 4083 »Fortasse«
528 4031 593 4097 dixi,
613 4030 686 4098 quod
703 4048 758 4082 non
777 4030 842 4082 satis
862 4032 976 4090 constat,
1001 4028 1131 4081 eodemne
1150 4028 1184 4081 ab
1202 4027 1398 4095 interpolatore

214 4116 345 4169 Varronis
363 4118 447 4170 verba
464 4116 503 4168 ibi
521 4117 632 4169 laudata
650 4117 743 4169 addita
761 4117 816 4168 sint
835 4120 916 4182 atque
935 4132 974 4182 ca,
997 4131 1065 4182 quae
1084 4117 1242 4182 sequuntur.

303 4221 326 4288 ³)
352 4219 475 4272 Servium
502 4220 657 4274 confudisse
684 4219 847 4271 Pallantiam
873 4222 902 4271 et
923 4216 1065 4271 Lauiniam
1089 4218 1261 4271 Burmannus
1290 4232 1398 4284 quoqne

216 4307 232 4358 l.
245 4307 262 4360 l.
275 4325 301 4376 p.
312 4306 344 4358 12
364 4305 488 4360 coniecit.
