3214 4942
682 359 894 425 ..29-

199 548 390 616 adiunxerat
428 548 557 614 aliunde
593 567 656 638 non
693 554 804 615 notam
843 585 882 594 -
923 547 971 630 id,
1013 550 1098 629 quod
1136 568 1236 630 supra
1275 547 1380 630 posui,

200 660 390 743 Dionysium
419 666 454 724 et
478 658 623 725 Verrium
658 659 845 726 eVarrone
879 679 938 726 sua
966 658 1133 744 hausisse,
1167 680 1206 726 ea
1235 680 1269 725 re
1292 660 1379 726 nullo

197 772 291 839 modo
315 770 513 837 debilitatur.

284 883 350 948 lam
378 883 419 948 ad
443 881 584 950 Soliunm
612 887 823 949 revertamur.
868 882 1021 965 Legimus
1050 884 1136 965 apnd
1157 885 1242 949 hurm
1266 889 1309 966 (l,
1329 888 1380 956 15)

199 996 239 1060 de
262 994 432 1075 Palantho,
462 993 662 1076 Hyperborei
689 994 765 1077 filia,
793 994 887 1077 idem,
916 995 1000 1076 qnod
1023 993 1162 1060 Varroni
1191 1015 1209 1061 e
1234 994 1380 1077 Dionysii

202 1105 369 1187 Verriique
399 1124 559 1172 consensu
586 1106 679 1172 modo
708 1105 972 1172 adiudioavimus.
1019 1105 1091 1187 lpse
1120 1110 1228 1172 alitem
1252 1105 1379 1173 Solinus

198 1219 241 1282 ad
257 1217 399 1282 Silenum
422 1237 491 1282 eum
514 1236 582 1282 rem
605 1216 716 1282 refert.
763 1221 910 1299 Apparet
932 1216 1034 1298 igitur
1061 1253 1095 1262 -
1122 1217 1151 1283 si
1173 1217 1266 1283 modo
1288 1222 1379 1282 reate

199 1328 437 1410 disputavimus
461 1365 502 1374 -
525 1330 585 1393 hoo
613 1328 772 1410 scriptore
800 1348 893 1394 nsum
926 1348 999 1394 esse
1022 1329 1210 1395 Varronem.
1257 1329 1380 1411 ltaque,

199 1460 261 1522 quo
288 1440 394 1523 magis
417 1440 563 1505 firmetur
586 1439 751 1505 sententia
779 1443 903 1523 nostra,
930 1439 1107 1523 videamus,
1135 1441 1163 1507 si
1186 1441 1270 1522 quod
1293 1441 1381 1506 alind

198 1555 284 1620 forte
308 1552 407 1618 Sileni
429 1551 604 1632 vestigium
636 1552 721 1632 apud
744 1572 816 1618 eum
839 1552 1127 1632 deprehendamus
1174 1553 1220 1617 Aa
1245 1553 1381 1633 Stepha-

198 1685 260 1730 nus
283 1663 464 1746 Byzantius
493 1683 518 1728 s.
541 1681 572 1727 v.
597 1663 717 1746 ΙΙαλικὴ,
752 1669 925 1745 postquam
959 1663 1171 1745 genealogiae
1201 1662 1380 1728 Palicorum

199 1775 352 1858 Aeschyli
374 1775 484 1841 fabula
505 1773 691 1838 celebratae
712 1774 906 1840 mentionem
927 1774 1016 1858 fecit,
1042 1776 1215 1841 secundum
1239 1773 1380 1840 Silenum

201 1891 325 1952 detnae
348 1892 447 1968 atque
461 1884 597 1951 Vulcani
619 1884 703 1951 filios
720 1905 776 1952 eos
799 1886 903 1952 fuisse
926 1887 1072 1951 adnotat.
1119 1886 1282 1963 Quaeres
1305 1905 1381 1951 nus-

202 2019 294 2079 quam
317 2004 489 2080 praeterea
511 1997 633 2078 legitur
664 1996 727 2062 nisi
757 1999 842 2080 apud
865 2017 962 2063 unum
986 1996 1091 2063 Servii
1112 1996 1379 2079 interpolatorem

204 2110 242 2175 ad
263 2113 343 2176 Aen.
360 2109 414 2192 lll,
439 2111 511 2173 581.
557 2108 624 2173 Hoc
648 2113 757 2174 autem
780 2109 851 2190 ipso
874 2107 1119 2190 interpolatoris
1150 2107 1271 2174 scholio
1294 2107 1378 2172 idem

204 2220 302 2288 Varro
324 2219 486 2287 landatur.
536 2221 687 2286 »Paliros
714 2223 860 2288 aaalaaos
882 2224 955 2287 deos
983 2222 1086 2286 Varro
1109 2220 1260 2303 appellat.
1305 2221 1379 2286 Alii

201 2334 309 2399 dicuat
340 2334 447 2398 Ioaaru
480 2332 563 2397 baar
593 2332 744 2398 Palicano
771 2341 903 2415 propter
932 2333 1071 2399 Iaaaaa's
1103 2332 1311 2397 iracundiam
1343 2332 1380 2398 ia

202 2445 347 2527 aquilam
369 2451 580 2509 camaratassa.
626 2444 700 2509 Alii
728 2445 866 2510 Vulaaaa’
889 2451 917 2510 ct
938 2445 1062 2510 Aetnae
1087 2443 1190 2526 filiam
1217 2432 1402 2509 uadunt«¹

202 2553 314 2621 Nonne
336 2556 389 2620 hic
417 2573 542 2635 quoqne
571 2554 722 2636 coniungi
747 2555 846 2621 Sileni
871 2555 1090 2636 Varronisque
1114 2553 1309 2619 sententiam
1331 2554 1380 2620 ita

201 2666 425 2747 explicandum
438 2669 500 2746 est,
516 2669 554 2730 at
566 2685 624 2746 per
639 2667 724 2732 hunc
739 2666 825 2733 illins
841 2666 1067 2748 genealogiam
1082 2663 1264 2730 innotuisse
1279 2663 1380 2730 inter·

201 2776 342 2859 polatori
365 2779 578 2842 censeamus?
608 2777 758 2860 Invicem,
781 2781 870 2859 puto,
893 2783 1065 2858 utrumque
1089 2775 1188 2841 Sileni
1212 2775 1379 2842 doctrinae

202 2889 286 2970 apud
305 2887 481 2953 Varronem
504 2887 680 2968 vestigium
703 2888 841 2954 alterum
866 2889 969 2955 altero
985 2889 1142 2970 firmatur,
1167 2886 1223 2971 ita,
1246 2893 1283 2952 ut
1304 2888 1380 2968 quin

201 3003 339 3080 utroque
362 2998 431 3065 loco
450 2998 576 3066 Silenus
601 3002 642 3066 ab
665 3001 720 3066 illo
744 3019 919 3082 expressus
943 3000 997 3082 sit,
974 2999 1113 3065 tdubit
1099 2997 1164 3063 tari
1183 3017 1247 3062 non
1263 2999 1379 3080 possit.

199 3110 293 3187 Quod
328 3108 356 3175 si
390 3117 479 3174 recte
514 3111 699 3194 statuimus,
734 3111 799 3176 alia
833 3131 958 3192 qnoque
993 3118 1109 3192 quaest
1110 3110 1141 3174 io
1095 3107 1379 3176 tdiiudicatur.

202 3219 383 3287 Adnotavit
407 3219 491 3286 enim
514 3221 648 3287 Carolus
666 3221 838 3288 Muellerus
863 3221 1280 3304 (fragm.hist.G1·.aeclll,
1299 3224 1380 3296 100.)

202 3332 243 3396 ad
259 3331 362 3398 Solini
376 3331 490 3415 locum,
515 3352 706 3414 quamquam
723 3332 861 3398 inseruit
877 3332 976 3398 Sileni
994 3333 1118 3399 Galact'
1095 3338 1155 3397 rtur
1146 3332 1334 3412 fragment
1335 3331 1380 3396 is:

206 3444 315 3509 »Haeo
321 3443 465 3528 sortasse
480 3445 525 3508 ad
537 3444 639 3509 aliam
651 3444 795 3510 Sileaara
801 3445 990 3526 pertineat«
1019 3446 1107 3522 Quae
1122 3442 1265 3508 llluelleri
1281 3444 1381 3509 verba

201 3553 357 3640 ¹liudolfus
387 3573 511 3635 qnoque
535 3554 649 3620 Petrus
679 3555 699 3619 1.
715 3555 736 3619 l.
761 3554 860 3636 digna
889 3555 1069 3621 arbitratus
1098 3560 1160 3636 est,
1191 3573 1272 3634 quae
1297 3574 1381 3619 com·

202 3670 404 3730 memoraret.
452 3665 499 3729 Ea
522 3668 641 3746 antem,
672 3666 817 3746 quaeda
841 3665 959 3732 Paliais
990 3685 1008 3730 e
1032 3665 1138 3732 Sileno
1161 3662 1286 3746 profert
1310 3665 1381 3730 Ste-

202 3777 328 3857 phanus
344 3775 535 3859 Byzantius,
553 3775 722 3841 Calactino
739 3776 814 3858 quin
831 3777 1020 3858 debeantur,
1036 3796 1140 3856 neque
1157 3775 1380 3842 (illudimus

203 3887 330 3953 dubitat
352 3906 455 3967 neque
479 3886 565 3951 alius
589 3886 757 3968 quisquam
782 3886 955 3969 dubitabit,
987 3907 1056 3953 cum
1086 3888 1125 3952 de
1149 3885 1259 3951 Sicilia
1281 3887 1381 3954 libros

204 3997 405 4071 Oalactinum
430 3996 603 4079 scripsisse
626 4003 767 4079 constet,
797 3997 830 4063 in
855 3997 969 4078 quibus
993 3997 1113 4080 optime
1145 3998 1251 4062 dicere
1274 3997 1383 4077 potuit

204 4109 242 4174 de
265 4108 394 4174 Palieis.
439 4108 506 4173 lam
529 4127 605 4174 vero
625 4109 802 4174 Varronem
825 4128 862 4174 eo
887 4108 994 4174 Sileno
1018 4128 1109 4175 nsum
1134 4127 1207 4174 esse
1230 4108 1382 4191 vidimus

204 4219 258 4300 qni
280 4225 474 4286 narraverat
496 4219 575 4284 illud
598 4219 638 4284 de
657 4218 774 4285 Palicis
797 4220 876 4285 deis.
915 4220 946 4285 ls
971 4225 1078 4285 autem
1102 4240 1173 4285 aum
1194 4219 1381 4286 Calactinns

204 4329 311 4414 fuerit,
335 4330 441 4395 altera
465 4349 589 4410 quoqne
612 4329 668 4395 illa
691 4350 754 4412 res,
778 4350 873 4411 qnam
896 4330 980 4395 idem
1003 4332 1114 4396 hausit
1137 4350 1154 4396 e
1178 4331 1296 4412 Sileno,
1321 4330 1380 4396 Ca·
