3214 4942
680 364 887 426 ...27„

194 549 269 617 latii
291 548 419 616 notatio
437 547 597 616 Verriana
619 569 637 614 e
655 549 811 616 Varronis
834 549 936 634 copiis
960 552 1046 618 haud
1068 551 1164 618 dubie
1187 554 1379 634 deprompta

195 664 285 741 est.¹)
330 663 443 746 ltaque
477 681 548 728 cum
574 660 749 728 Varronem
786 664 827 729 ab
855 667 994 744 utroque
1021 662 1143 728 aditum
1171 683 1246 730 esse
1268 663 1318 729 his
1344 664 1378 730 in

194 779 289 844 rebus
313 772 503 842 enarrandis
527 776 667 854 constet,
691 774 771 839 haec
794 793 919 855 qnoque
942 775 1134 841 adeundam
1150 773 1256 840 redire
1272 795 1378 842 nonne

194 888 401 956 manifestum
425 887 499 951 esta

281 998 378 1064 ltlind
402 1016 480 1063 sane
504 995 636 1062 Servius
659 997 701 1061 ad
723 997 893 1080 AenVlll,
910 1002 948 1062 51
968 997 1107 1064 Varroni
1130 997 1298 1080 ascripsit:
1323 996 1377 1081 qni

196 1112 371 1179 secundum
400 1111 484 1174 hunc
507 1107 703 1174 Pollentiam
731 1145 763 1152 —
790 1108 928 1174 nominis
956 1109 1060 1175 forma
1085 1110 1191 1194 paulo
1206 1109 1378 1176 diversae

195 1197 288 1290 Festi
311 1221 527 1303 epitomatore
544 1219 577 1301 (a
585 1219 776 1302 Pallanta«)
794 1219 913 1286 nullius
936 1220 1090 1286 momenti
1113 1227 1174 1304 est,
1198 1241 1272 1287 nam
1287 1221 1378 1286 facil·

193 1335 269 1401 lime
294 1331 454 1414 corrumpi
475 1329 583 1413 potnit
611 1350 739 1413 nomen,
770 1332 853 1412 quod
876 1332 1026 1413 pervenit
1053 1333 1094 1396 ad
1119 1332 1264 1414 Vergiliiv
1278 1332 1379 1398 inter·

194 1452 320 1530 pretem
357 1463 416 1526 per
437 1441 563 1524 vnescio
602 1447 681 1523 quot
718 1443 946 1525 compilatores
982 1479 1019 1488 -
1058 1443 1234 1510 Euandri
1277 1444 1377 1510 filiam

193 1558 296 1626 fuisse
319 1555 409 1622 dicit.
1245 1539 1248 1548 ’

280 1669 351 1748 Qua
374 1688 392 1733 e
414 1687 450 1732 re
473 1664 621 1732 concludi
643 1686 707 1732 non
728 1686 825 1748 posse
842 1666 991 1750 Dionysii
1007 1687 1045 1732 ac
1063 1667 1164 1733 verrii
1184 1668 1379 1734 relationem

195 1781 355 1849 diversam
390 1800 410 1844 a
438 1777 596 1846 Serviane
619 1777 799 1844 Varronem
833 1778 960 1845 omnino
997 1778 1127 1845 silentio
1156 1779 1378 1863 praeteriisse,

196 1898 346 1976 nonest,
371 1892 455 1973 quod
477 1890 623 1972 pluribus
648 1890 844 1972 exponam.‘·')

281 2005 345 2071 Sed
368 2021 491 2085 vereor,
525 2021 566 2068 ne
593 2002 649 2067 illa
678 2002 899 2084 discrepantia
932 2022 995 2067 non
1031 2002 1228 2068 evomaris
1259 2003 1378 2087 studio,

201 2118 254 2183 sed
277 2137 294 2182 e
319 2113 519 2183 scholiastae
543 2133 653 2179 errore
676 2119 749 2180 orta
777 2113 829 2181 sit.

283 2228 448 2310 Leguntur
475 2227 556 2292 haec
586 2227 672 2307 apud
699 2225 844 2292 Servium
852 2225 892 2302 il:
930 2228 1015 2293 »Hie
1041 2235 1143 2293 aulem
1166 2249 1255 2293 meas
1279 2228 1378 2293 Pala-

198 2342 282 2408 tinas
302 2341 474 2406 secuudum
492 2338 667 2422 Verpilc'ara
691 2362 712 2404 a
737 2338 899 2421 Pallante,
924 2361 983 2404 auo
1006 2340 1170 2422 Eacaadra',
1201 2347 1246 2406 est
1267 2340 1377 2422 dictae,

196 2455 366 2520 secuudum
395 2451 570 2516 Varronem
602 2458 631 2516 et
663 2451 745 2517 alios
779 2475 801 2517 a
830 2452 904 2535 pilia
936 2453 1091 2517 Euandri
1120 2451 1302 2534 Pallantia,
1337 2453 1378 2516 ab

198 2565 335 2632 Hercule
356 2563 473 2630 vitiata
495 2555 651 2645 ei'postea
672 2562 743 2628 illic
763 2563 897 2646 sepulta,
920 2564 968 2629 uel
991 2571 1067 2629 certe
1090 2586 1111 2628 a
1136 2562 1289 2630 Pallante
1310 2564 1379 2629 cias

195 2678 262 2761 pilio
284 2676 355 2743 illle
375 2675 494 2758 sepulto
517 2673 728 2757 [immaturae
751 2675 882 2741 aetatis:
909 2675 970 2740 alii
1000 2695 1021 2740 a
1041 2675 1108 2758 pilio
1131 2676 1295 2758 Euandri,
1322 2675 1378 2759 qai

191 2795 415 2874 postmortem
432 2787 542 2869 patris
563 2786 716 2852 seditione
738 2787 856 2852 occisam
878 2785 1003 2869 est]‹<⁴)

283 2900 351 2978 Quo
375 2898 517 2981 deloco,
547 2903 583 2963 ut
606 2895 727 2962 certius
750 2897 937 2980 iudicemus,
965 2897 1066 2981 prius,
1098 2899 1190 2980 quem
1214 2898 1378 2980 significa·
1413 2989 1414 2992 Ἴ

197 3013 284 3081 verit
313 3011 507 3078 scholiastes
540 3011 639 3075 verbo
678 3009 792 3092 »aas«,
828 3011 1043 3090 quaerendum
1078 3010 1217 3076 videtur.
1269 3009 1378 3092 Neque

198 3123 283 3191 euim
307 3121 520 3206 grammatica
542 3120 670 3187 ratione
692 3126 800 3187 utrum
824 3123 865 3187 ad
881 3121 1051 3188 Herculem
1067 3142 1109 3187 an
1125 3122 1166 3187 ad
1182 3121 1378 3189 Pallantiam

198 3257 240 3303 an
264 3235 306 3302 ad
329 3235 514 3301 Euandrum
538 3232 713 3317 pertineat,
743 3233 825 3299 satis
853 3233 1021 3299 diiudicari
1044 3239 1164 3315 potest.
1210 3235 1245 3300 R.
1263 3235 1380 3301 Petrus

198 3349 219 3414 l.
236 3349 258 3414 l.
275 3347 459 3413 Pallantem
488 3345 661 3419 Euandri
688 3346 788 3411 filium
816 3345 922 3411 dicia
946 3345 1058 3411 Servio
1086 3345 1155 3412 veri
1185 3346 1379 3413 simillimum

199 3458 335 3526 censuit.
381 3458 652 3538 interpolatorem
682 3460 791 3524 autem
814 3460 854 3524 de
877 3457 1025 3523 Herculis
1048 3457 1114 3523 filio
1139 3458 1304 3540 cogitasse
1326 3459 1381 3526 ille

288 3672 311 3740 1)
330 3672 371 3724 De
389 3672 406 3724 l.
419 3670 448 3724 L.
459 3670 492 3738 V,
511 3671 552 3724 53.
590 3670 732 3724 »Eandem
750 3670 819 3723 tuac
838 3671 923 3722 locam
941 3687 958 3723 a
976 3687 1070 3738 pecare
1089 3669 1191 3722 dictam
1204 3673 1310 3738 patant
1327 3671 1382 3738 pal·

199 3759 278 3826 darm
296 3757 387 3824 itaque
405 3756 525 3810 Naeuius
543 3756 688 3809 Baletium
707 3757 850 3824 appellat«

289 3845 310 3912 2)
329 3843 413 3895 Aliud
435 3847 577 3912 praeterea
601 3842 674 3912 apud
691 3843 844 3897 Varronem
867 3843 900 3896 de
923 3845 939 3896 l.
953 3843 982 3897 L.
996 3843 1029 3908 V,
1042 3843 1089 3896 53:
1120 3842 1180 3895 »liae
1201 3843 1251 3896 alii
1274 3837 1308 3896 car
1330 3844 1381 3898 Pa-

199 3930 294 3995 laalio,
312 3945 396 3982 auore
414 3929 535 3982 Latini«

286 4016 387 4082 Quodsi
405 4014 577 4068 Bormannus
597 4015 700 4083 (Kritik
723 4016 772 4068 der
790 4015 858 4082 Saga
879 4033 903 4068 v.
923 4015 1016 4082 Klinig
1033 4015 1186 4068 Euandros.
1222 4016 1381 4072 Rossleben.

201 4103 274 4156 1853.
293 4123 320 4172 p.
333 4104 358 4170 4,
377 4103 391 4152 1
412 4105 438 4153 et
457 4103 500 4170 12)
528 4101 615 4154 Servii
641 4102 829 4156 testimonium
857 4105 971 4170 propter
989 4101 1141 4153 dissensum
1165 4119 1227 4153 cum
1250 4102 1320 4155 libro
1348 4105 1382 4158 de

200 4189 217 4243 l.
235 4188 264 4242 L.
277 4188 396 4243 Varroni
414 4188 524 4240 omnino
548 4188 698 4256 abrogavit,
721 4188 801 4240 huius
819 4187 940 4239 indolem
958 4205 1055 4255 parum
1073 4190 1147 4239 recte
1165 4188 1312 4256 perspexit.

288 4283 313 4352 3)
334 4282 373 4335 Of.
386 4282 536 4336 Rudolfum
554 4282 668 4334 Petrum
686 4282 714 4334 in
733 4281 865 4334 Roscheri
883 4280 947 4334 Lens.
961 4283 1028 4333 2292
1047 4300 1066 4334 s.
1080 4299 1104 4334 v.
1119 4281 1257 4336 Hercules.

289 4369 312 4438 4)
332 4367 405 4436 Quae
424 4367 529 4423 uncinis
548 4367 654 4438 inclusi,
676 4367 855 4438 interpolator
874 4366 986 4420 addidit.
