3214 4942
676 363 885 426 „57-

190 550 261 614 dem
279 549 400 614 fontem
421 569 460 614 ac
477 549 684 616 Plutarchum
700 547 890 631 Dionysium
914 567 1038 628 quoque
1053 546 1237 629 inspexisse
1253 548 1367 614 elucet.

191 659 334 740 Uterque
358 659 442 725 enim
465 659 583 742 premit
606 679 703 726 uuam
726 659 898 725 Hersiliam
920 657 1070 724 maritam
1099 665 1227 740 raptam
1247 679 1326 726 ,esse
1348 680 1368 725 a

191 769 354 852 Romanis,
377 775 505 837 ceteras
529 791 640 838 omues
656 770 801 853 virgines
818 769 931 852 fuisse,
954 768 1266 851 innormandos
1285 790 1368 836 unus

190 881 323 947 Servius
347 881 520 966 AeuVlll,
537 885 599 949 638
623 881 792 955 exhibet.¹)

275 993 358 1058 Plut.
372 993 460 1060 Rom.
481 999 527 1058 14.
557 994 590 1052 »ὃ
605 993 746 1075 μέγιστον
763 993 796 1076 ἧν
813 994 988 1076 ἀπολόγημα
1005 997 1048 1073 τῷ
1060 991 1218 1076 Ῥωμύλῳ·
1244 1001 1367 1074 γυναῖκα

189 1105 248 1186 γὰρ
272 1103 306 1163 οὐ
330 1105 444 1183 λαβεῖν,
469 1103 533 1164 ἀλλ’
560 1097 576 1186 λ)
599 1109 680 1186 μίαν,
701 1103 874 1186 Ἑμσιλιάν.<<

275 1214 408 1298 Dionys,
433 1215 471 1295 ll,
495 1220 547 1298 45,
569 1219 599 1281 2.
649 1215 776 1300 »ταύτην
807 1213 873 1276 δὀἱ
893 1215 950 1297 μέν
982 1237 1056 1296 φασι
1079 1218 1289 1300 γεγαμημένην
1313 1217 1367 1300 ἤδη

189 1327 243 1386 σὺν
266 1333 330 1392 ταῖς
352 1327 455 1393 ἄλλοις
477 1329 668 1410 ἁρπασθῆναι
691 1329 797 1409 κόμαις
820 1327 862 1392 ὡς
884 1327 1063 1408 nuptiarum«

277 1438 444 1505 Laudatur
476 1439 587 1504 eodem
619 1437 785 1504 Plutarchi
819 1437 927 1519 capite
951 1438 1136 1506 Zenodotus
1159 1439 1366 1506 Troezenius

188 1549 297 1630 Atque
323 1547 408 1614 idem
432 1549 616 1616 Zenodotus
640 1551 679 1615 de
702 1549 767 1615 alia
791 1549 929 1632 quadam
954 1569 990 1614 re
1019 1571 1039 1615 a
1066 1550 1218 1634 Dionysio
1242 1572 1368 1633 quoque

189 1659 312 1725 citatur
346 1663 385 1732 (c.
402 1663 443 1726 49
466 1660 552 1730 init.)
588 1661 722 1741 eiusque
746 1659 912 1726 sententia
945 1661 1118 1742 opponitur
1148 1662 1368 1728 varronianae

189 1774 231 1850 (c.
247 1774 288 1836 48
311 1776 468 1844 extrem).
504 1772 573 1849 Qua
590 1791 607 1837 e
623 1791 668 1854 re,
686 1791 757 1838 cum
773 1772 982 1853 Zenodotum,
1000 1772 1192 1854 scriptorem
1208 1774 1368 1840 obscuris·

190 1881 315 1964 simum,
338 1881 461 1947 aditum
484 1903 559 1949 esse
582 1903 602 1948 a
625 1882 782 1966 Dionysio
806 1889 839 1948 et
862 1883 939 1949 luha
967 1893 1053 1960 (nam
1075 1903 1132 1965 per
1156 1884 1265 1951 Iubam
1287 1887 1368 1951 haec
1407 1965 1410 1975 Ι

189 1993 230 2058 ad
243 1993 450 2058 Plutarchum
467 1998 695 2076 pervenerunt,
708 1993 764 2076 qui
779 2013 805 2059 c.
821 1998 860 2059 14
875 1995 989 2060 laudat
1002 1995 1228 2061 Mauretauum
1243 2001 1366 2078 regem)

188 2103 427 2170 vixereninile
455 2104 500 2170 sit
530 2141 564 2151 -
589 2125 664 2171 nam
694 2105 746 2170 hic
773 2125 898 2187 quoque
926 2106 1039 2172 valent
1067 2125 1116 2187 ea,
1147 2127 1229 2190 quae
1261 2109 1368 2174 lliess·

189 2214 310 2297 lingius
334 2215 353 2280 l.
370 2215 391 2280 l.
410 2237 439 2298 p.
453 2222 487 2280 41
517 2216 626 2297 posuit
650 2253 687 2262 -
712 2217 900 2300 Dionysium
923 2216 1009 2284 illius
1033 2218 1230 2284 seutentiam
1253 2218 1367 2284 ellar-

188 2346 267 2393 roue
301 2326 450 2392 hausisse
477 2328 688 2394 concluserim
717 2348 777 2394 uec
805 2335 927 2394 temere
956 2347 1054 2410 agere
1083 2329 1160 2394 mihi
1187 2330 1309 2420 videor,
1339 2331 1368 2397 si

190 2437 397 2504 Plutarchum
425 2437 458 2516 ti.
480 2458 507 2504 e.
530 2440 652 2516 Iubam)
676 2459 802 2521 qnoque
832 2439 932 2505 eidem
959 2439 1096 2506 Varroni
1119 2441 1276 2507 Zenodoti
1304 2462 1367 2507 me-

190 2549 324 2615 moriam
348 2550 464 2615 debere
489 2554 611 2632 statue,
634 2550 828 2632 praesertim
851 2571 922 2616 cum
945 2571 1016 2617 eum
1047 2553 1172 2618 πολλοὺς
1195 2549 1276 2637 ἔχειν
1299 2554 1368 2620 τοὺς

191 2661 398 2741 ἀντιλέγοντας
419 2660 489 2742 ipse
513 2661 641 2726 dixerit.
678 2660 758 2726 Nam
782 2681 853 2727 cum
876 2661 985 2727 luham
1008 2661 1042 2727 in
1064 2661 1118 2728 illo
1140 2663 1248 2744 capite
1269 2663 1366 2730 aliam

190 2790 315 2853 quoque
348 2791 415 2836 rem
449 2772 645 2838 eVarronis
674 2771 776 2854 copiis
812 2772 989 2854 sumpsisse
1017 2772 1081 2838 iam
1116 2794 1215 2855 supra
1249 2779 1293 2855 (p.
1311 2777 1365 2851 53)

190 2883 444 2967 cognoverimus
476 2885 559 2950 hunc
592 2885 652 2949 suh
682 2882 747 2948 illis
771 2885 886 2949 πολλοῖς
910 2884 1013 2950 latere
1045 2885 1129 2950 satis
1152 2905 1272 2967 magua
1295 2905 1366 2952 cum

189 2993 421 3076 probabilitate
445 2995 597 3061 conicias.

277 3104 408 3172 Servius
431 3111 550 3189 autem,
570 3127 641 3173 cum
663 3108 683 3172 l.
700 3107 721 3172 l.
738 3107 777 3171 de
798 3105 939 3171 Hersilia
961 3105 1083 3171 referat
1105 3106 1186 3172 illud
1208 3107 1366 3173 Zenodoti

189 3216 357 3284 Troezenii
380 3219 478 3299 (Plut.
497 3219 585 3284 Rom.
600 3223 652 3296 14)
677 3224 709 3293 (a
726 3218 857 3283 Romulo
881 3237 951 3282 eam
974 3216 1006 3282 in
1030 3217 1267 3284 matrimonium
1291 3219 1365 3284 duc·

189 3331 254 3392 tam
281 3335 377 3411 esse),
400 3329 546 3411 profecto
570 3329 603 3394 id
626 3328 827 3412 deprompsit
850 3334 908 3394 aut
931 3329 1129 3395 eZenoduto
1146 3333 1203 3394 aut
1220 3335 1309 3395 certe
1326 3350 1366 3395 ex
1470 3421 1472 3427 Α

189 3457 226 3503 eo
250 3439 418 3522 scriptore,
442 3441 497 3522 qui
519 3442 603 3506 huuc
626 3440 801 3524 expressit,
824 3439 1012 3507 eVarroue.

279 3661 301 3728 ¹)
319 3659 359 3712 Ne
379 3662 438 3727 quis
457 3661 527 3714 forte
546 3661 650 3729 putarit
668 3661 736 3714 haec
750 3661 836 3714 Servii
855 3679 967 3728 quoque¹
983 3661 1030 3714 Cn.
1047 3661 1134 3714 Gellio
1153 3663 1255 3727 deberi,
1273 3667 1366 3716 notan-

189 3747 254 3799 dum
279 3751 320 3799 est
342 3747 453 3799 Romuli
476 3750 589 3799 uxorem
612 3746 650 3799 ibi
678 3748 772 3800 vocari
794 3747 955 3816 Hersiliam,
982 3747 998 3798 i.
1018 3747 1092 3813 quod
1118 3765 1187 3800 unus
1210 3749 1365 3803 Zenodotus

188 3832 352 3886 Troezenius
370 3836 537 3885 narraverat.
721 3837 723 3846 '

274 3918 345 3970 Plut.
368 3919 447 3971 Rom.
472 3919 511 3970 14.
554 3916 615 3984 »ιλν
641 3917 669 3970 (λ’
686 3916 821 3992 Ἑρσιλίαν
848 3921 873 3970 σι’
895 3919 947 3989 μὲν
972 3914 1096 3972 Ὁστίλιον
1123 3925 1211 3991 γῆμαι
1234 3921 1365 3990 λέγουσιν,

188 4005 276 4078 ἄνδρα
294 4001 432 4075 Ῥωμαίων
450 4006 667 4074 ιὀιιρανέσιατον,
691 4007 716 4056 οἱ
734 4007 753 4056 ιλ
756 4002 846 4057 ἀὐτόν
866 4001 1011 4076 Ῥωμύλον,
1029 4008 1074 4056 καὶ
1093 4011 1223 4075 γενέσθαι
1246 4009 1291 4058 καὶ
1309 4012 1365 4059 nnl-

189 4092 238 4150 ιλας
255 4087 338 4160 crispi,
356 4097 425 4161 μίαν
441 4091 493 4161 μὲν
510 4096 646 4160 θυγατέρα
666 4098 786 4163 Πρίμαν,
809 4095 839 4161 τῇ
857 4089 928 4151 τάξει
946 4095 989 4156 τῆς
1007 4097 1135 4160 γενέσεως
1153 4087 1219 4144 οόιοι
1237 4109 1366 4162 προσαγο-

190 4181 346 4245 ρευθεῖσαν,
373 4177 419 4228 ἕνα
444 4173 536 4228 όόιίλν
557 4174 654 4247 μόνον,
677 4175 711 4228 ὃν
731 4174 856 4228 ’Λόλλιον
881 4177 932 4248 μὲν
955 4178 1054 4235 ἐκεῖνος
1076 4174 1127 4228 dud
1152 4183 1197 4241 τῆς
1219 4185 1366 4250 γενομένης

189 4260 337 4333 ιίθροίσεως
365 4259 406 4312 ὑπ’
428 4259 507 4314 ιιόιοῦ
527 4267 579 4314 τῶν
596 4263 710 4314 ιιολιιῶν
731 4260 884 4332 ὠνόμασεν,
908 4265 933 4314 οἱ
956 4259 1099 4336 δ’ὕστερον
1117 4262 1260 4331 Ἀβίλλιον.
1297 4264 1364 4317 ιῖλλιὶ

150 4339 153 4346 ’
190 4352 269 4401 mom
287 4349 339 4420 ¹uin
356 4350 468 4419 ἱστοριῶν
486 4345 666 4412 Ζηνόόοιοςὸ
688 4348 843 4421 Τροιζήνιος
860 4348 972 4408 οολλοιλς
991 4353 1045 4422 ἔχει
1063 4349 1121 4410 τούς
1139 4348 1345 4420 ιένιιλι’γονιας.<<
