3214 4942
657 361 869 420 ...41-

173 542 250 607 aiba
283 551 359 610 essct
387 552 415 610 et
442 567 512 610 cam
528 567 612 627 puer
633 545 791 628 iupeuuus
818 547 1016 630 anteferret«
1066 546 1144 612 Ibid.
1169 567 1198 628 p.
1222 549 1289 628 182,
1316 551 1353 611 19

172 656 218 732 (=
233 656 310 736 302,
326 659 368 720 61.
403 657 529 722 »Varro
551 659 589 722 de
612 657 681 722 cita
697 680 733 740 p.
750 659 790 724 R.
808 657 862 722 tib.
878 659 938 723 ΙΙ.·
959 665 1068 724 coutra
1092 681 1113 722 a
1134 681 1215 724 uouo
1237 659 1354 724 marito

170 787 241 830 cum
278 765 352 831 item
381 789 398 833 6
417 768 495 851 socc
516 767 605 850 ipuis
627 769 663 834 iu
685 768 795 834 titioue
822 790 860 834 eu
874 768 971 852 felici
998 771 1111 835 arbore
1133 777 1161 836 et
1182 770 1218 836 iu
1241 771 1355 853 apuat'

171 897 260 959 apua
284 877 399 944 adlata
420 887 524 945 esset«

258 986 435 1054 Praeterea
469 991 604 1056 eundem
638 1009 758 1056 morem
782 989 958 1056 Varronem
989 991 1169 1072 explicasse
1191 991 1224 1056 in
1247 990 1355 1056 hetiis

172 1099 343 1166 Charisius
358 1104 509 1167 testatur.
544 1100 669 1166 Charis.
683 1102 705 1183 l,
722 1121 753 1183 p.
769 1104 840 1183 144,
857 1105 894 1165 21
913 1101 992 1166 Keil.
1033 1103 1159 1168 »Varro
1181 1103 1218 1168 iu
1233 1103 1355 1168 Aeliis:

168 1211 230 1292 fau
244 1233 284 1276 cu
298 1212 397 1294 spiuu
412 1212 488 1278 alba
497 1213 694 1295 praefertur,
718 1215 803 1296 quod
811 1215 1022 1298 purpaticuis
1038 1236 1138 1280 causa·
1153 1214 1350 1280 adtributum«

257 1321 398 1389 Prorsus
421 1331 529 1390 autem
558 1323 723 1390 consentit
752 1344 822 1391 cum
848 1325 993 1391 Varrone
1017 1324 1210 1391 Lactantius
1235 1323 1353 1401 (instit.

171 1433 233 1497 div.
258 1437 290 1511 2,
308 1437 338 1516 9,
355 1438 392 1499 21
420 1440 514 1518 6001,
538 1435 592 1517 qui
615 1456 677 1502 non
701 1437 761 1502 hoc
784 1455 846 1503 uno
869 1435 940 1502 loco
963 1434 1033 1501 eius
1056 1435 1200 1517 vestigia
1222 1436 1354 1517 pressit.

259 1545 398 1625 110612,
423 1550 451 1628 9,
476 1550 526 1611 21.
576 1547 738 1616 »Alterum
761 1548 846 1614 euim
868 1548 964 1630 quasi
993 1547 1207 1612 mascutiuum
1230 1547 1355 1612 0160160-

172 1662 234 1720 tum
260 1664 317 1739 est,
352 1657 485 1724 atterum
513 1659 608 1741 quasi
629 1659 838 1744 femiuiuum,
874 1659 1008 1725 atterum
1039 1659 1186 1741 activum,
1222 1658 1356 1724 alterum

168 1768 315 1848 patibile,
351 1771 487 1853 Ideoque
510 1792 532 1835 a
553 1771 706 1836 ueteribus
728 1770 906 1836 institutum
929 1777 981 1852 est,
1005 1777 1251 1834 utsacrameutc
1267 1769 1356 1852 ipur'o

174 1885 200 1943 et
220 1901 329 1962 aquae
351 1882 538 1964 nuptiarum
554 1883 691 1967 foedera
712 1882 912 1964 sauciantur,
936 1883 1021 1963 quod
1033 1881 1122 1965 fetus
1138 1881 1355 1946 auimautium

176 1991 274 2057 ratorc
311 2001 339 2058 et
364 2015 470 2059 umore
498 2001 698 2075 corporentur
728 2001 821 2076 atque
848 1994 1030 2058 auimeutur
1053 1994 1097 2056 ad
1117 1992 1226 2057 uitam.
1276 1992 1355 2057 Cum

178 2105 254 2169 mim
278 2111 395 2170 coustet
416 2127 505 2170 omuc
528 2105 655 2170 auimat
677 2127 714 2169 eu
730 2105 844 2170 auima
859 2113 886 2171 et
902 2125 1037 2186 corpore,
1061 2105 1199 2168 materia
1215 2104 1356 2185 corporis

179 2213 207 2278 iu
227 2238 340 2281 rumore
366 2223 419 2298 est,
454 2218 584 2282 auimae
610 2217 646 2281 iu
672 2217 793 2282 catere:
825 2220 909 2300 quod
930 2240 967 2282 eu
990 2217 1099 2281 auium
1115 2216 1238 2299 fetibus
1261 2217 1356 2280 datur

174 2327 259 2409 scire,
298 2350 375 2410 qum
405 2329 506 2393 crassi
533 2328 654 2393 rumoris
670 2329 784 2410 pteuas
806 2330 873 2394 uisi
896 2329 1005 2412 opifer
1028 2329 1115 2393 calor
1137 2327 1268 2410 fauerit,
1301 2315 1371 2392 uec¹

172 2459 265 2504 rimor·
292 2446 395 2521 potest
420 2441 585 2521 corporari
616 2461 672 2505 uec
705 2462 817 2522 corpus
843 2440 997 2505 auimari.
1043 2439 1204 2504 Erutibus
1237 2459 1357 2520 quoque

173 2549 240 2632 ipui
270 2558 297 2617 ct
319 2573 405 2633 apua
420 2552 569 2617 interdici
583 2551 717 2617 solebat:
739 2554 845 2617 adbuc
859 2553 944 2618 euim
958 2552 1054 2635 uesas
1069 2551 1234 2615 uidebatur
1249 2571 1356 2632 piram-

173 2663 220 2727 uis
242 2663 357 2744 matos,
382 2671 486 2728 tameu
510 2663 652 2728 homiues
671 2665 829 2746 supplicio
857 2663 973 2745 capitis
996 2665 1137 2743 adptcere.
1184 2661 1355 2726 Iuterdicto

174 2774 275 2856 ipitur
296 2797 356 2839 rreu
378 2796 489 2840 earum
511 2796 626 2856 rerum,
649 2774 764 2856 puibus
791 2777 859 2840 rita
886 2775 1049 2840 homiuum
1072 2780 1201 2854 coustat,
1218 2773 1356 2855 periude

173 2887 357 2968 babebatur,
393 2908 431 2951 ac
462 2887 492 2952 si
525 2894 609 2969 esset,
644 2888 700 2970 pui
734 2910 804 2952 eam
836 2886 1023 2952 senteutiam
1056 2891 1226 2967 exemerat,
1261 2891 1356 2950 morte

172 2998 332 3063 multatus.
378 2999 468 3063 Adeo
497 3001 557 3064 duo
581 2999 644 3064 ista
677 2999 826 3064 etemeuta
848 2998 962 3079 prima
988 3004 1062 3062 suut
1083 2995 1205 3073 babitu,
1238 3003 1274 3061 ut
1302 3016 1357 3060 uec

173 3116 274 3174 ortum
301 3109 441 3174 bomiuis
474 3131 529 3175 uec
561 3112 661 3176 uitam
682 3110 751 3176 siue
773 3110 825 3174 his
854 3109 1046 3175 credideriut
1064 3130 1160 3190 posse
1182 3114 1351 3173 constare«

174 3219 219 3284 tf.
244 3219 335 3286 Ovid.
352 3219 430 3285 fast.
452 3219 506 3303 lV,
531 3225 602 3287 791.
661 3221 707 3285 De
741 3221 853 3286 eodem
886 3219 952 3285 ritu
987 3219 1180 3286 Plutarchus
1215 3224 1355 3299 (quaest.

178 3331 307 3396 Roman.
333 3331 407 3406 l.)¹l
430 3334 530 3398 verba
553 3331 640 3397 fecit.
687 3331 747 3409 Qui
770 3336 926 3412 quattuor
950 3352 1068 3397 causas
1092 3335 1268 3413 enumerat,
1300 3349 1357 3394 cur

177 3463 293 3524 aquam
317 3449 350 3508 et
372 3443 478 3524 ignem
496 3449 625 3508 veteres
648 3443 681 3508 in
705 3442 829 3524 nuptiis
845 3443 1060 3509 adhibuerint.
1097 3443 1236 3520 Quarum
1252 3438 1356 3522 prima

178 3573 216 3619 ac
239 3554 368 3626 tertia²l
386 3553 418 3619 in
441 3554 522 3619 libro
547 3556 585 3620 de
607 3555 627 3618 l.
649 3554 681 3618 L.
700 3559 733 3618 61
756 3555 842 3635 apud
865 3553 1070 3620 Lactantium
1094 3552 1226 3634 legitur,
1249 3552 1356 3616 altera

177 3665 324 3748 tangitur
351 3686 371 3730 a
396 3666 539 3732 Varrone
562 3665 647 3747 apud
671 3664 863 3746 Charisium,
893 3672 1237 3746 qruauauuamquam
1259 3663 1356 3744 plane

179 3778 289 3842 eadem
312 3797 469 3859 nusquam
493 3775 653 3858 reperitur
676 3777 761 3857 apud
785 3777 962 3858 scriptores
986 3775 1214 3855 Varronianus,
1245 3778 1355 3838 tamen

179 3889 407 3968 quodammodo
431 3887 583 3954 convenit
606 3906 676 3953 cum
699 3886 751 3968 iia,
775 3906 857 3968 qnae
880 3887 1071 3969 eDionysio
1092 3893 1125 3951 et
1149 3885 1248 3950 Festo
1271 3884 1356 3949 infra

181 4007 221 4080 tp.
239 4003 292 4068 421
316 3998 553 4081 exscripsimus.

268 4171 290 4237 ¹)
310 4169 349 4221 cf.
363 4168 443 4221 Thilo
464 4188 490 4237 p.
504 4171 537 4221 22
547 4187 586 4236 sq.

265 4254 378 4321 21Νο111
404 4254 521 4322 primum
549 4273 580 4308 ac
611 4254 721 4308 tertiam
748 4255 958 4323 explicationem
986 4272 1068 4310 unam
1099 4253 1267 4318 eandemque
1296 4267 1354 4302 csse

182 4339 336 4396 Glaesserus
354 4360 380 4412 p.
395 4341 443 4393 174
461 4345 536 4396 recte
554 4341 631 4396 vidit.
