3214 4942
727 346 937 408 „24-

246 535 396 601 Euandro
425 552 494 599 eam
523 532 706 598 dedicatam
735 551 809 598 esse
837 531 1014 614 Dionysius
1049 529 1203 620 (itemque
1231 531 1423 598 Plutarchus

245 666 274 728 q.
300 647 334 711 R.
358 649 409 728 90,
431 646 502 728 ipse
526 663 652 725 qnoque
677 641 854 709 Varronem
878 646 1023 723 secutus)
1048 639 1229 710 arbitratus
1255 647 1316 710 est.

332 775 394 839 Sed
426 772 504 838 licet
530 771 631 837 Varro
665 771 731 854 ita,
765 775 801 838 ut
835 771 1030 838 Plutarchus
1066 776 1100 837 et
1129 770 1323 856 Dionysius,
1356 793 1423 838 rem

245 884 465 968 enarraverit,
510 883 575 948 alia
592 883 612 959 ¹)
658 887 829 964 praeterea
875 882 1002 949 ratione
1047 884 1222 965 eademqne
1266 889 1364 964 atque
1405 905 1425 950 a

245 995 352 1064 Soliuo
390 1015 461 1062 eam
498 997 539 1061 ab
576 994 630 1060 illo
672 994 812 1060 relatam
850 1013 924 1059 esse
962 1013 980 1058 e
1017 994 1182 1062 Macrohio
1218 993 1275 1077 ΙΙΙ,
1315 999 1350 1079 6,
1389 1000 1423 1060 17

245 1107 478 1190 cognoscimus.

330 1236 381 1301 nd
414 1233 514 1301 Solini
548 1237 648 1302 verba
696 1236 895 1301 »Nicostrate
928 1270 968 1278 —
1003 1235 1215 1317 comperisset«
1266 1237 1307 1302 cf.
1343 1257 1425 1318 qnae

245 1367 344 1429 snpra
373 1345 512 1412 disserui
543 1353 585 1427 (p.
610 1349 628 1409 2
653 1354 746 1427 sqq-l.
773 1344 904 1411 :Livius
928 1345 964 1427 (Ι,
988 1349 1021 1422 7)
1049 1343 1259 1412 Nicostratae
1287 1347 1424 1414 nominis

243 1458 438 1524 mentionem
473 1456 654 1539 praeteriit,
685 1456 788 1523 Varro
823 1460 952 1538 contra,
985 1461 1026 1521 utv
1056 1457 1336 1542 sup1·avidimuS‚
1365 1461 1425 1526 hoc

244 1569 372 1638 nomine
400 1574 549 1635 vocatam
579 1589 653 1635 esse
682 1568 826 1634 Euandri
859 1572 995 1633 matrem
1030 1569 1205 1652 eademque
1242 1571 1282 1636 de
1316 1589 1425 1654 cansa,

245 1702 339 1765 qnam
362 1680 441 1746 dicit
466 1680 604 1764 Solinus
628 1681 834 1752 Carmentem
858 1679 1055 1761 appellatam
1080 1699 1155 1745 esse
1177 1681 1298 1762 posuit.

331 1811 421 1888 Quod
453 1809 559 1892 ipsum
590 1809 759 1875 Herculem
795 1828 960 1875 sacrorum
994 1809 1077 1874 ritus
1101 1808 1239 1876 Potitios
1275 1811 1425 1878 docuisse

194 1944 195 1948 ¹
246 1921 373 1989 Solinus
408 1921 563 2004 affirmat,
599 1920 720 2002 optimc
753 1919 906 1987 convenit
933 1939 1004 1986 cnm
1033 1920 1166 2004 Dionys.
1190 1923 1218 2004 Ι,
1247 1927 1305 2005 40,
1330 1924 1425 2002 sslf)

246 2035 367 2100 Contra
383 2031 495 2099 Livius
512 2033 535 2115 1,
552 2038 581 2115 7,
609 2035 647 2096 14
663 2035 708 2098 ab
727 2033 907 2099 Euandro
925 2033 1057 2098 edoctos
1074 2052 1148 2100 esse
1163 2033 1237 2100 illos
1254 2033 1425 2102 antistites

246 2145 370 2212 maluit.
416 2145 465 2209 De
488 2143 620 2210 Potitiis
649 2149 682 2209 et
709 2143 880 2216 Pinariis³t
906 2143 1084 2209 Varronem
1114 2144 1223 2228 egisse
1252 2151 1426 2227 praeterea

245 2259 386 2326 Macrob.
403 2256 427 2338 Ι,
451 2260 501 2339 12,
526 2258 566 2320 28
590 2255 686 2323 testis
710 2257 801 2335 est.⁴)

329 2387 364 2452 ln
399 2387 606 2468 paragrapho
639 2385 809 2451 undecima
835 2383 986 2451 Pliniana
1012 2385 1159 2452 doctriua
1192 2392 1291 2453 aucta
1321 2394 1374 2454 est
1405 2409 1426 2454 a

246 2498 455 2580 compilatore
478 2497 669 2579 quibusdam
692 2499 789 2563 rebus
814 2495 943 2564 aliunde
966 2496 1090 2578 petitis.
1124 2497 1313 2566 Ellarroue
1329 2501 1426 2582 plane

245 2612 357 2676 eadem
386 2629 545 2690 nusquam
575 2613 709 2676 servata
738 2614 828 2674 sunt:
863 2613 973 2674 tamen
1001 2607 1110 2674 nescio
1135 2630 1177 2676 au
1201 2630 1249 2691 ea,
1281 2631 1363 2693 qnae
1386 2613 1426 2678 de

246 2723 380 2790 canibus
416 2721 463 2787 ibi
501 2703 629 2788 Solinus
667 2719 796 2795 adiecit,
843 2720 1074 2801 quodammodo
1119 2723 1318 2788 cohaereant
1354 2743 1424 2790 cum

244 2832 410 2900 Plutarchi
434 2833 626 2915 quaestione
642 2833 786 2898 Romana
806 2831 1036 2914 nonagesima:
1060 2831 1114 2899 nbi
1129 2833 1284 2900 Varronis
1308 2854 1424 2900 nomeu

245 2947 407 3012 landatur.
1201 2963 1204 2968 ’

329 3075 413 3140 ΡΙΙΙΙ.
438 3095 467 3156 q.
491 3075 526 3139 R.
544 3077 593 3140 90,
644 3073 709 3133 »διὰ
734 3076 765 3132 τί
788 3076 830 3153 τῷ
850 3070 993 3154 Ἡρακλεῖ
1009 3075 1183 3158 γιγνομένης
1206 3077 1313 3142 θυσίας
1337 3076 1424 3137 ἄλλον

244 3189 354 3249 οὐδένα
376 3189 455 3248 θεῶν
478 3187 675 3268 ὀνομάζουσιν
699 3184 771 3244 οὐδὲ
796 3186 967 3264 φαίνεται
989 3183 1084 3246 κύων
1108 3185 1211 3252 ἐντὸς
1234 3190 1302 3247 τῶν
1325 3211 1424 3270 περι-

242 3301 374 3379 βόλων,
405 3299 446 3364 ὡς
472 3299 598 3380 cappas
623 3299 819 3380 iordppxen3»

329 3410 559 3492 Paragraphus
583 3407 771 3473 duodecima
804 3409 838 3472 et
861 3405 986 3473 decima
1008 3409 1110 3473 tertia
1134 3407 1289 3476 Varronis
1314 3416 1425 3479 ancto-

243 3524 377 3589 ritatem
399 3521 580 3587 luculenter
603 3519 761 3586 referunt.

332 3771 354 3838 Ι)
374 3769 435 3822 Sive
447 3769 538 3838 potius
552 3768 657 3821 duabus
671 3769 730 3821 aliis
743 3766 902 3822 rationibus.
922 3766 951 3818 P.
963 3767 1003 3834 12,
1014 3771 1030 3820 2
1040 3768 1173 3822 Macrobii
1185 3771 1270 3824 verba
1282 3771 1423 3840 exscripsi.

242 3857 244 3862 Ι
331 3875 355 3942 ²)
374 3873 451 3926 Idem
471 3873 543 3940 apud
561 3871 674 3924 Festum
693 3872 833 3926 invenitur
850 3892 876 3942 p.
889 3875 957 3926 237a
974 3873 1015 3926 21.

331 3978 355 4044 ³)
376 3976 452 4041 Quod
470 3975 644 4029 Pinariorum
670 3995 770 4030 nomen
798 3976 969 4029 desideratur
995 3976 1067 4045 apud
1091 3977 1227 4046 Solinum,
1255 3982 1328 4031 certe
1356 3997 1425 4032 com·

242 4063 365 4134 pilatoris
384 4062 573 4130 neglegentiae
591 4063 768 4115 tribuendum
788 4067 836 4116 est.

331 4167 354 4234 ⁴)
386 4165 459 4230 Quae
494 4166 527 4218 de
557 4166 683 4219 Herculis
719 4167 783 4220 fano
818 4167 847 4218 in
883 4165 942 4218 foro
972 4166 1071 4218 Boario
1101 4166 1207 4218 Solinus
1238 4167 1356 4235 addidit,
1393 4185 1424 4220 ea

243 4252 301 4321 ipse
331 4251 399 4304 scire
429 4252 525 4321 potuit.
558 4283 587 4291 —
625 4252 702 4304 Idem
732 4252 805 4322 apud
835 4251 946 4320 Dionys,
977 4253 1003 4320 Ι,
1033 4253 1079 4319 40,
1109 4253 1125 4303 6
1161 4257 1188 4306 et
1218 4252 1338 4307 Macrob.
1366 4253 1422 4321 III,

244 4339 268 4406 6,
288 4338 320 4389 10
341 4336 416 4407 legis.
