<?xml version="1.0" encoding="UTF-8"?>
<!DOCTYPE html PUBLIC "-//W3C//DTD XHTML 1.0 Transitional//EN"
    "http://www.w3.org/TR/xhtml1/DTD/xhtml1-transitional.dtd">
<html xmlns="http://www.w3.org/1999/xhtml" xml:lang="en" lang="en">
 <head>
  <title>
</title>
<meta http-equiv="Content-Type" content="text/html;charset=utf-8" />
  <meta name='ocr-system' content='tesseract 3.04.00' />
  <meta name='ocr-capabilities' content='ocr_page ocr_carea ocr_par ocr_line ocrx_word'/>
</head>
<body>
  <div class='ocr_page' id='page_1' title='image "./questionesvarro00samtgoog_0092.png"; bbox 0 0 3214 4942; ppageno 0'>
   <div class='ocr_carea' id='block_1_1' title="bbox 752 346 967 409">
    <p class='ocr_par' dir='ltr' id='par_1_1' title="bbox 752 346 967 409">
     <span class='ocr_line' id='line_1_1' title="bbox 752 346 967 409; baseline 0 -19"><span class='ocrx_word' id='word_1_1' title='bbox 752 346 967 409; x_wconf 72' lang='lat'><strong>„33-</strong></span> 
     </span>
    </p>
   </div>
   <div class='ocr_carea' id='block_1_2' title="bbox 180 527 1452 3744">
    <p class='ocr_par' dir='ltr' id='par_1_2' title="bbox 259 527 1450 934">
     <span class='ocr_line' id='line_1_2' title="bbox 260 527 1449 621; baseline 0.004 -23"><span class='ocrx_word' id='word_1_2' title='bbox 260 527 403 600; x_wconf 65' lang='lat' dir='ltr'>cnr&#39;r&#39;ron</span> <span class='ocrx_word' id='word_1_3' title='bbox 420 531 691 614; x_wconf 83' lang='lat' dir='ltr'>fabulas-quoque</span> <span class='ocrx_word' id='word_1_4' title='bbox 707 531 792 613; x_wconf 85' lang='lat' dir='ltr'>illas,</span> <span class='ocrx_word' id='word_1_5' title='bbox 816 553 899 612; x_wconf 86' lang='lat' dir='ltr'>quae</span> <span class='ocrx_word' id='word_1_6' title='bbox 916 535 1081 614; x_wconf 76' lang='lat' dir='ltr'>pertinent</span> <span class='ocrx_word' id='word_1_7' title='bbox 1098 535 1140 600; x_wconf 88' lang='lat' dir='ltr'>ad</span> <span class='ocrx_word' id='word_1_8' title='bbox 1157 535 1293 602; x_wconf 90' lang='lat' dir='ltr'>eundem</span> <span class='ocrx_word' id='word_1_9' title='bbox 1310 537 1449 621; x_wconf 81' lang='lat' dir='ltr'><strong>heroem,</strong></span> 
     </span>
     <span class='ocr_line' id='line_1_3' title="bbox 270 643 1450 729; baseline 0.003 -18"><span class='ocrx_word' id='word_1_10' title='bbox 270 646 389 712; x_wconf 78' lang='lat' dir='ltr'>addere</span> <span class='ocrx_word' id='word_1_11' title='bbox 420 645 551 727; x_wconf 67' lang='lat' dir='ltr'>potnit‘?</span> <span class='ocrx_word' id='word_1_12' title='bbox 585 643 757 710; x_wconf 91' lang='lat' dir='ltr'>Pauoiores</span> <span class='ocrx_word' id='word_1_13' title='bbox 788 643 934 725; x_wconf 85' lang='lat' dir='ltr'>profecto</span> <span class='ocrx_word' id='word_1_14' title='bbox 966 650 1043 711; x_wconf 91' lang='lat' dir='ltr'>sunt</span> <span class='ocrx_word' id='word_1_15' title='bbox 1069 645 1265 712; x_wconf 78' lang='lat' dir='ltr'>Artemidori</span> <span class='ocrx_word' id='word_1_16' title='bbox 1293 647 1450 729; x_wconf 84' lang='lat' dir='ltr'>reliquiae</span> 
     </span>
     <span class='ocr_line' id='line_1_4' title="bbox 259 755 1448 840; baseline 0.003 -17"><span class='ocrx_word' id='word_1_17' title='bbox 259 776 363 838; x_wconf 82' lang='lat' dir='ltr'>¹quam</span> <span class='ocrx_word' id='word_1_18' title='bbox 385 763 423 822; x_wconf 91' lang='lat' dir='ltr'>ut</span> <span class='ocrx_word' id='word_1_19' title='bbox 445 759 513 822; x_wconf 87' lang='lat' dir='ltr'>ta&#39;m</span> <span class='ocrx_word' id='word_1_20' title='bbox 537 760 626 822; x_wconf 86' lang='lat' dir='ltr'>certo</span> <span class='ocrx_word' id='word_1_21' title='bbox 649 755 811 822; x_wconf 85' lang='lat' dir='ltr'>affirmare</span> <span class='ocrx_word' id='word_1_22' title='bbox 827 755 936 840; x_wconf 84' lang='lat' dir='ltr'>liceat,</span> <span class='ocrx_word' id='word_1_23' title='bbox 959 757 1035 838; x_wconf 88' lang='lat' dir='ltr'>qnid</span> <span class='ocrx_word' id='word_1_24' title='bbox 1057 777 1132 823; x_wconf 92' lang='lat' dir='ltr'>non</span> <span class='ocrx_word' id='word_1_25' title='bbox 1155 756 1290 824; x_wconf 90' lang='lat' dir='ltr'>infuerit</span> <span class='ocrx_word' id='word_1_26' title='bbox 1311 759 1345 825; x_wconf 92' lang='lat' dir='ltr'>in</span> <span class='ocrx_word' id='word_1_27' title='bbox 1360 758 1448 827; x_wconf 89' lang='lat' dir='ltr'>illins</span> 
     </span>
     <span class='ocr_line' id='line_1_5' title="bbox 266 865 961 934; baseline 0.001 -1"><span class='ocrx_word' id='word_1_28' title='bbox 266 865 370 934; x_wconf 85' lang='lat' dir='ltr'>libris.</span> <span class='ocrx_word' id='word_1_29' title='bbox 959 881 961 888; x_wconf 80' lang='grc'><strong>“</strong></span> 
     </span>
    </p>

    <p class='ocr_par' dir='ltr' id='par_1_3' title="bbox 180 978 1452 2176">
     <span class='ocr_line' id='line_1_6' title="bbox 258 978 1445 1064; baseline 0.003 -20"><span class='ocrx_word' id='word_1_30' title='bbox 258 1010 272 1018; x_wconf 76' lang='lat'><em>„</em></span> <span class='ocrx_word' id='word_1_31' title='bbox 306 1015 307 1020; x_wconf 18' lang='grc' dir='ltr'><strong>κ</strong></span> <span class='ocrx_word' id='word_1_32' title='bbox 353 999 383 1061; x_wconf 90' lang='lat' dir='ltr'>p.</span> <span class='ocrx_word' id='word_1_33' title='bbox 400 981 463 1044; x_wconf 67' lang='lat'>223</span> <span class='ocrx_word' id='word_1_34' title='bbox 486 999 620 1061; x_wconf 80' lang='lat' dir='ltr'>quoque,</span> <span class='ocrx_word' id='word_1_35' title='bbox 643 978 698 1045; x_wconf 92' lang='lat' dir='ltr'>ubi</span> <span class='ocrx_word' id='word_1_36' title='bbox 720 979 831 1046; x_wconf 89' lang='lat' dir='ltr'>fabula</span> <span class='ocrx_word' id='word_1_37' title='bbox 846 983 1001 1045; x_wconf 88' lang='lat' dir='ltr'>narratur</span> <span class='ocrx_word' id='word_1_38' title='bbox 1016 980 1055 1045; x_wconf 93' lang='lat' dir='ltr'>de</span> <span class='ocrx_word' id='word_1_39' title='bbox 1070 980 1159 1046; x_wconf 89' lang='lat' dir='ltr'>llvae</span> <span class='ocrx_word' id='word_1_40' title='bbox 1174 979 1325 1064; x_wconf 69' lang='lat' dir='ltr'>metallis</span> <span class='ocrx_word' id='word_1_41' title='bbox 1349 1001 1445 1063; x_wconf 89' lang='lat' dir='ltr'>quam</span> 
     </span>
     <span class='ocr_line' id='line_1_7' title="bbox 180 1084 1447 1173; baseline 0.001 -16"><span class='ocrx_word' id='word_1_42' title='bbox 180 1084 183 1090; x_wconf 78' lang='grc'><strong>’</strong></span> <span class='ocrx_word' id='word_1_43' title='bbox 268 1092 396 1157; x_wconf 87' lang='lat' dir='ltr'>Timaeo</span> <span class='ocrx_word' id='word_1_44' title='bbox 421 1111 519 1173; x_wconf 89' lang='lat' dir='ltr'>supra</span> <span class='ocrx_word' id='word_1_45' title='bbox 538 1096 593 1173; x_wconf 77' lang='lat' dir='ltr'>tp..</span> <span class='ocrx_word' id='word_1_46' title='bbox 607 1094 660 1166; x_wconf 82' lang='lat'>79)</span> <span class='ocrx_word' id='word_1_47' title='bbox 684 1089 928 1172; x_wconf 71' lang='lat' dir='ltr'>adscripsimus</span> <span class='ocrx_word' id='word_1_48' title='bbox 954 1092 1130 1157; x_wconf 89' lang='lat' dir='ltr'>laudantur</span> <span class='ocrx_word' id='word_1_49' title='bbox 1154 1092 1391 1158; x_wconf 82' lang='lat' dir='ltr'>Eratosthenes</span> <span class='ocrx_word' id='word_1_50' title='bbox 1413 1097 1447 1159; x_wconf 91' lang='lat' dir='ltr'>et</span> 
     </span>
     <span class='ocr_line' id='line_1_8' title="bbox 260 1200 1447 1284; baseline 0.002 -16"><span class='ocrx_word' id='word_1_51' title='bbox 260 1202 550 1269; x_wconf 74' lang='lat' dir='ltr'>Artemidorus,</span> <span class='ocrx_word' id='word_1_52' title='bbox 597 1201 696 1268; x_wconf 92' lang='lat' dir='ltr'>Vides</span> <span class='ocrx_word' id='word_1_53' title='bbox 730 1221 858 1284; x_wconf 87' lang='lat' dir='ltr'>semper</span> <span class='ocrx_word' id='word_1_54' title='bbox 891 1222 951 1269; x_wconf 92' lang='lat' dir='ltr'>nos</span> <span class='ocrx_word' id='word_1_55' title='bbox 973 1205 1021 1268; x_wconf 88' lang='lat' dir='ltr'>ad</span> <span class='ocrx_word' id='word_1_56' title='bbox 1048 1203 1184 1269; x_wconf 92' lang='lat' dir='ltr'>eundem</span> <span class='ocrx_word' id='word_1_57' title='bbox 1206 1200 1372 1270; x_wconf 87' lang='lat' dir='ltr'>auctorem</span> <span class='ocrx_word' id='word_1_58' title='bbox 1395 1224 1447 1270; x_wconf 90' lang='lat' dir='ltr'>re-</span> 
     </span>
     <span class='ocr_line' id='line_1_9' title="bbox 260 1313 1446 1398; baseline 0.002 -19"><span class='ocrx_word' id='word_1_59' title='bbox 260 1313 382 1390; x_wconf 80' lang='lat' dir='ltr'>¹ferri.¹)</span> <span class='ocrx_word' id='word_1_60' title='bbox 426 1314 477 1380; x_wconf 90' lang='lat' dir='ltr'>An</span> <span class='ocrx_word' id='word_1_61' title='bbox 500 1333 587 1380; x_wconf 91' lang='lat' dir='ltr'>mero</span> <span class='ocrx_word' id='word_1_62' title='bbox 611 1333 690 1380; x_wconf 87' lang='lat' dir='ltr'>casu</span> <span class='ocrx_word' id='word_1_63' title='bbox 712 1313 872 1380; x_wconf 86' lang='lat' dir='ltr'>accidisse</span> <span class='ocrx_word' id='word_1_64' title='bbox 894 1319 1003 1396; x_wconf 87' lang='lat' dir='ltr'>putas,</span> <span class='ocrx_word' id='word_1_65' title='bbox 1033 1319 1069 1381; x_wconf 95' lang='lat' dir='ltr'>ut</span> <span class='ocrx_word' id='word_1_66' title='bbox 1093 1314 1223 1397; x_wconf 90' lang='lat' dir='ltr'>saepius</span> <span class='ocrx_word' id='word_1_67' title='bbox 1246 1314 1292 1380; x_wconf 93' lang='lat' dir='ltr'>ibi</span> <span class='ocrx_word' id='word_1_68' title='bbox 1314 1315 1446 1398; x_wconf 88' lang='lat' dir='ltr'>potissi·</span> 
     </span>
     <span class='ocr_line' id='line_1_10' title="bbox 266 1420 1446 1508; baseline 0.003 -17"><span class='ocrx_word' id='word_1_69' title='bbox 266 1445 360 1508; x_wconf 89' lang='lat' dir='ltr'>mum,</span> <span class='ocrx_word' id='word_1_70' title='bbox 375 1463 376 1466; x_wconf 35' lang='lat'>¹</span> <span class='ocrx_word' id='word_1_71' title='bbox 389 1420 443 1491; x_wconf 88' lang='lat' dir='ltr'>nbi</span> <span class='ocrx_word' id='word_1_72' title='bbox 467 1425 587 1491; x_wconf 82' lang='lat' dir='ltr'>Timaei</span> <span class='ocrx_word' id='word_1_73' title='bbox 615 1425 758 1507; x_wconf 81' lang='lat' dir='ltr'>vestigia</span> <span class='ocrx_word' id='word_1_74' title='bbox 785 1425 1064 1507; x_wconf 87' lang='lat' dir='ltr'>deprehendimus,</span> <span class='ocrx_word' id='word_1_75' title='bbox 1093 1425 1284 1492; x_wconf 86' lang='lat' dir='ltr'>laudaretur</span> <span class='ocrx_word' id='word_1_76' title='bbox 1306 1427 1446 1495; x_wconf 89' lang='lat' dir='ltr'>Artemi·</span> 
     </span>
     <span class='ocr_line' id='line_1_11' title="bbox 265 1536 1445 1624; baseline 0.003 -22"><span class='ocrx_word' id='word_1_77' title='bbox 265 1539 385 1604; x_wconf 80' lang='lat' dir='ltr'>dorus‘?</span> <span class='ocrx_word' id='word_1_78' title='bbox 409 1537 486 1604; x_wconf 89' lang='lat' dir='ltr'>Veri</span> <span class='ocrx_word' id='word_1_79' title='bbox 512 1539 608 1605; x_wconf 84' lang='lat' dir='ltr'>valde</span> <span class='ocrx_word' id='word_1_80' title='bbox 632 1536 821 1604; x_wconf 90' lang='lat' dir='ltr'>dissimilem</span> <span class='ocrx_word' id='word_1_81' title='bbox 844 1555 918 1602; x_wconf 90' lang='lat' dir='ltr'>esse</span> <span class='ocrx_word' id='word_1_82' title='bbox 943 1536 1040 1602; x_wconf 89' lang='lat' dir='ltr'>talem</span> <span class='ocrx_word' id='word_1_83' title='bbox 1064 1557 1176 1602; x_wconf 89' lang='lat' dir='ltr'>casum</span> <span class='ocrx_word' id='word_1_84' title='bbox 1205 1557 1309 1622; x_wconf 79' lang='lat' dir='ltr'>nemo,</span> <span class='ocrx_word' id='word_1_85' title='bbox 1339 1558 1445 1624; x_wconf 86' lang='lat' dir='ltr'>spero,</span> 
     </span>
     <span class='ocr_line' id='line_1_12' title="bbox 264 1649 1445 1730; baseline 0.003 -16"><span class='ocrx_word' id='word_1_86' title='bbox 264 1667 328 1716; x_wconf 91' lang='lat' dir='ltr'>non</span> <span class='ocrx_word' id='word_1_87' title='bbox 350 1651 524 1715; x_wconf 84' lang='lat' dir='ltr'>concedet:</span> <span class='ocrx_word' id='word_1_88' title='bbox 552 1649 704 1714; x_wconf 80' lang='lat' dir='ltr'>facillime</span> <span class='ocrx_word' id='word_1_89' title='bbox 731 1653 840 1715; x_wconf 89' lang='lat' dir='ltr'>antem</span> <span class='ocrx_word' id='word_1_90' title='bbox 864 1668 903 1713; x_wconf 90' lang='lat' dir='ltr'>ea</span> <span class='ocrx_word' id='word_1_91' title='bbox 925 1667 978 1714; x_wconf 92' lang='lat' dir='ltr'>res</span> <span class='ocrx_word' id='word_1_92' title='bbox 1002 1649 1195 1730; x_wconf 85' lang='lat' dir='ltr'>explicatur,</span> <span class='ocrx_word' id='word_1_93' title='bbox 1219 1649 1248 1715; x_wconf 89' lang='lat' dir='ltr'>si</span> <span class='ocrx_word' id='word_1_94' title='bbox 1272 1652 1445 1730; x_wconf 89' lang='lat' dir='ltr'>probamus</span> 
     </span>
     <span class='ocr_line' id='line_1_13' title="bbox 257 1758 1444 1843; baseline 0.001 -17"><span class='ocrx_word' id='word_1_95' title='bbox 257 1760 459 1826; x_wconf 83' lang='lat' dir='ltr'>sententiam</span> <span class='ocrx_word' id='word_1_96' title='bbox 489 1781 588 1842; x_wconf 88' lang='lat' dir='ltr'>supra</span> <span class='ocrx_word' id='word_1_97' title='bbox 614 1759 784 1842; x_wconf 54' lang='lat' dir='ltr'>positamu</span> <span class='ocrx_word' id='word_1_98' title='bbox 811 1758 878 1825; x_wconf 90' lang='lat' dir='ltr'>Nec</span> <span class='ocrx_word' id='word_1_99' title='bbox 901 1778 978 1826; x_wconf 90' lang='lat' dir='ltr'>vero</span> <span class='ocrx_word' id='word_1_100' title='bbox 1000 1760 1187 1842; x_wconf 83' lang='lat' dir='ltr'>negaverim</span> <span class='ocrx_word' id='word_1_101' title='bbox 1211 1780 1259 1843; x_wconf 87' lang='lat' dir='ltr'>eo,</span> <span class='ocrx_word' id='word_1_102' title='bbox 1287 1763 1372 1842; x_wconf 89' lang='lat' dir='ltr'>quod</span> <span class='ocrx_word' id='word_1_103' title='bbox 1393 1762 1444 1828; x_wconf 89' lang='lat' dir='ltr'>his</span> 
     </span>
     <span class='ocr_line' id='line_1_14' title="bbox 265 1871 1452 1954; baseline 0.001 -16"><span class='ocrx_word' id='word_1_104' title='bbox 265 1871 391 1953; x_wconf 84' lang='lat' dir='ltr'>qrridem</span> <span class='ocrx_word' id='word_1_105' title='bbox 418 1871 499 1938; x_wconf 91' lang='lat' dir='ltr'>locis</span> <span class='ocrx_word' id='word_1_106' title='bbox 522 1893 580 1954; x_wconf 90' lang='lat' dir='ltr'>per</span> <span class='ocrx_word' id='word_1_107' title='bbox 604 1873 840 1939; x_wconf 81' lang='lat' dir='ltr'>Artemidorum</span> <span class='ocrx_word' id='word_1_108' title='bbox 863 1871 985 1938; x_wconf 86' lang='lat' dir='ltr'>Timaei</span> <span class='ocrx_word' id='word_1_109' title='bbox 1007 1873 1161 1937; x_wconf 88' lang='lat' dir='ltr'>memoria</span> <span class='ocrx_word' id='word_1_110' title='bbox 1187 1872 1228 1937; x_wconf 89' lang='lat' dir='ltr'>ad</span> <span class='ocrx_word' id='word_1_111' title='bbox 1252 1872 1452 1939; x_wconf 81' lang='lat' dir='ltr'>Strabonem</span> 
     </span>
     <span class='ocr_line' id='line_1_15' title="bbox 264 1982 1442 2066; baseline 0.002 -18"><span class='ocrx_word' id='word_1_112' title='bbox 264 1982 423 2066; x_wconf 77' lang='lat' dir='ltr'>pervenit,</span> <span class='ocrx_word' id='word_1_113' title='bbox 456 2003 519 2049; x_wconf 93' lang='lat' dir='ltr'>non</span> <span class='ocrx_word' id='word_1_114' title='bbox 546 1983 610 2050; x_wconf 88' lang='lat' dir='ltr'>iam</span> <span class='ocrx_word' id='word_1_115' title='bbox 638 1983 765 2051; x_wconf 88' lang='lat' dir='ltr'>omnino</span> <span class='ocrx_word' id='word_1_116' title='bbox 793 1984 931 2050; x_wconf 87' lang='lat' dir='ltr'>refutari</span> <span class='ocrx_word' id='word_1_117' title='bbox 962 1985 1046 2049; x_wconf 88' lang='lat' dir='ltr'>hunc</span> <span class='ocrx_word' id='word_1_118' title='bbox 1074 1982 1177 2065; x_wconf 89' lang='lat' dir='ltr'>ipsius</span> <span class='ocrx_word' id='word_1_119' title='bbox 1208 2002 1334 2064; x_wconf 88' lang='lat' dir='ltr'>quoque</span> <span class='ocrx_word' id='word_1_120' title='bbox 1356 1983 1442 2051; x_wconf 92' lang='lat' dir='ltr'>illius</span> 
     </span>
     <span class='ocr_line' id='line_1_16' title="bbox 259 2091 518 2176; baseline 0.012 -18"><span class='ocrx_word' id='word_1_121' title='bbox 259 2091 363 2160; x_wconf 82' lang='lat' dir='ltr'>&#39;libros</span> <span class='ocrx_word' id='word_1_122' title='bbox 385 2093 518 2176; x_wconf 76' lang='lat' dir='ltr'>legisse.</span> 
     </span>
    </p>

    <p class='ocr_par' dir='ltr' id='par_1_4' title="bbox 250 2204 1442 3744">
     <span class='ocr_line' id='line_1_17' title="bbox 350 2204 1440 2275; baseline 0.004 -5"><span class='ocrx_word' id='word_1_123' title='bbox 350 2205 411 2270; x_wconf 88' lang='lat' dir='ltr'>Sed</span> <span class='ocrx_word' id='word_1_124' title='bbox 440 2207 520 2272; x_wconf 91' lang='lat' dir='ltr'>baec</span> <span class='ocrx_word' id='word_1_125' title='bbox 553 2208 710 2275; x_wconf 88' lang='lat' dir='ltr'>hactenus</span> <span class='ocrx_word' id='word_1_126' title='bbox 745 2208 784 2274; x_wconf 92' lang='lat' dir='ltr'>de</span> <span class='ocrx_word' id='word_1_127' title='bbox 812 2208 952 2274; x_wconf 87' lang='lat' dir='ltr'>Timaeo.</span> <span class='ocrx_word' id='word_1_128' title='bbox 997 2207 1065 2272; x_wconf 92' lang='lat' dir='ltr'>lam</span> <span class='ocrx_word' id='word_1_129' title='bbox 1098 2206 1139 2272; x_wconf 88' lang='lat' dir='ltr'>ad</span> <span class='ocrx_word' id='word_1_130' title='bbox 1164 2204 1341 2273; x_wconf 88' lang='lat' dir='ltr'>Varronem</span> <span class='ocrx_word' id='word_1_131' title='bbox 1370 2209 1440 2274; x_wconf 88' lang='lat' dir='ltr'>Ser·</span> 
     </span>
     <span class='ocr_line' id='line_1_18' title="bbox 261 2315 1442 2401; baseline 0.003 -19"><span class='ocrx_word' id='word_1_132' title='bbox 261 2315 411 2398; x_wconf 85' lang='lat' dir='ltr'>viamque</span> <span class='ocrx_word' id='word_1_133' title='bbox 433 2323 638 2386; x_wconf 88' lang='lat' dir='ltr'>revertamur</span> <span class='ocrx_word' id='word_1_134' title='bbox 660 2319 810 2401; x_wconf 88' lang='lat' dir='ltr'>illiusque</span> <span class='ocrx_word' id='word_1_135' title='bbox 839 2319 988 2385; x_wconf 90' lang='lat' dir='ltr'>doctrina</span> <span class='ocrx_word' id='word_1_136' title='bbox 1015 2338 1077 2400; x_wconf 90' lang='lat' dir='ltr'>qua</span> <span class='ocrx_word' id='word_1_137' title='bbox 1100 2318 1154 2384; x_wconf 93' lang='lat' dir='ltr'>via</span> <span class='ocrx_word' id='word_1_138' title='bbox 1176 2317 1334 2400; x_wconf 86' lang='lat' dir='ltr'>exipsius</span> <span class='ocrx_word' id='word_1_139' title='bbox 1349 2318 1442 2386; x_wconf 91' lang='lat' dir='ltr'>libris</span> 
     </span>
     <span class='ocr_line' id='line_1_19' title="bbox 254 2423 1442 2514; baseline 0.005 -23"><span class='ocrx_word' id='word_1_140' title='bbox 254 2423 300 2492; x_wconf 85' lang='lat' dir='ltr'>de</span> <span class='ocrx_word' id='word_1_141' title='bbox 323 2427 402 2494; x_wconf 88' lang='lat' dir='ltr'>locis</span> <span class='ocrx_word' id='word_1_142' title='bbox 426 2429 616 2495; x_wconf 90' lang='lat' dir='ltr'>redundarit</span> <span class='ocrx_word' id='word_1_143' title='bbox 643 2430 676 2496; x_wconf 92' lang='lat' dir='ltr'>in</span> <span class='ocrx_word' id='word_1_144' title='bbox 702 2431 836 2514; x_wconf 86' lang='lat' dir='ltr'>Vergilii</span> <span class='ocrx_word' id='word_1_145' title='bbox 864 2429 1055 2511; x_wconf 90' lang='lat' dir='ltr'>interpretis</span> <span class='ocrx_word' id='word_1_146' title='bbox 1086 2427 1210 2495; x_wconf 88' lang='lat' dir='ltr'>scholia</span> <span class='ocrx_word' id='word_1_147' title='bbox 1237 2449 1323 2496; x_wconf 89' lang='lat' dir='ltr'>nuno</span> <span class='ocrx_word' id='word_1_148' title='bbox 1346 2451 1442 2512; x_wconf 91' lang='lat' dir='ltr'>quae-</span> 
     </span>
     <span class='ocr_line' id='line_1_20' title="bbox 259 2536 1442 2625; baseline 0.004 -23"><span class='ocrx_word' id='word_1_149' title='bbox 259 2539 408 2613; x_wconf 75' lang='lat' dir='ltr'>ramus.2)</span> <span class='ocrx_word' id='word_1_150' title='bbox 454 2537 520 2604; x_wconf 91' lang='lat' dir='ltr'>Nec</span> <span class='ocrx_word' id='word_1_151' title='bbox 543 2536 662 2607; x_wconf 90' lang='lat' dir='ltr'>desunt</span> <span class='ocrx_word' id='word_1_152' title='bbox 684 2537 814 2625; x_wconf 86' lang='lat' dir='ltr'>indicia,</span> <span class='ocrx_word' id='word_1_153' title='bbox 838 2543 953 2623; x_wconf 84' lang='lat' dir='ltr'>quibus</span> <span class='ocrx_word' id='word_1_154' title='bbox 976 2540 1054 2606; x_wconf 85' lang='lat' dir='ltr'>freti</span> <span class='ocrx_word' id='word_1_155' title='bbox 1077 2541 1172 2622; x_wconf 91' lang='lat' dir='ltr'>paulo</span> <span class='ocrx_word' id='word_1_156' title='bbox 1196 2539 1319 2607; x_wconf 88' lang='lat' dir='ltr'>certius</span> <span class='ocrx_word' id='word_1_157' title='bbox 1343 2562 1382 2607; x_wconf 90' lang='lat' dir='ltr'>ea</span> <span class='ocrx_word' id='word_1_158' title='bbox 1403 2542 1442 2607; x_wconf 91' lang='lat' dir='ltr'>de</span> 
     </span>
     <span class='ocr_line' id='line_1_21' title="bbox 260 2648 658 2732; baseline 0.018 -20"><span class='ocrx_word' id='word_1_159' title='bbox 260 2666 297 2712; x_wconf 87' lang='lat' dir='ltr'>re</span> <span class='ocrx_word' id='word_1_160' title='bbox 319 2648 464 2715; x_wconf 88' lang='lat' dir='ltr'>indicare</span> <span class='ocrx_word' id='word_1_161' title='bbox 485 2651 658 2732; x_wconf 90' lang='lat' dir='ltr'>possimus.</span> 
     </span>
     <span class='ocr_line' id='line_1_22' title="bbox 258 2760 1441 2848; baseline 0.006 -23"><span class='ocrx_word' id='word_1_162' title='bbox 258 2805 260 2812; x_wconf 51' lang='lat'>&gt;</span> <span class='ocrx_word' id='word_1_163' title='bbox 288 2793 289 2796; x_wconf 36' lang='lat'>¹</span> <span class='ocrx_word' id='word_1_164' title='bbox 318 2777 323 2782; x_wconf 89' lang='grc'>·</span> <span class='ocrx_word' id='word_1_165' title='bbox 345 2760 493 2827; x_wconf 92' lang='lat' dir='ltr'>Animum</span> <span class='ocrx_word' id='word_1_166' title='bbox 517 2763 613 2830; x_wconf 87' lang='lat' dir='ltr'>velim</span> <span class='ocrx_word' id='word_1_167' title='bbox 636 2766 791 2832; x_wconf 88' lang='lat' dir='ltr'>advertas</span> <span class='ocrx_word' id='word_1_168' title='bbox 808 2767 850 2832; x_wconf 90' lang='lat' dir='ltr'>ad</span> <span class='ocrx_word' id='word_1_169' title='bbox 867 2766 945 2831; x_wconf 91' lang='lat' dir='ltr'>Aen.</span> <span class='ocrx_word' id='word_1_170' title='bbox 959 2763 1041 2846; x_wconf 84' lang='lat' dir='ltr'>Vlll,</span> <span class='ocrx_word' id='word_1_171' title='bbox 1059 2765 1130 2829; x_wconf 79' lang='grc'><strong>597.</strong></span> <span class='ocrx_word' id='word_1_172' title='bbox 1164 2763 1304 2848; x_wconf 79' lang='lat' dir='ltr'>»Appllu</span> <span class='ocrx_word' id='word_1_173' title='bbox 1327 2763 1441 2832; x_wconf 75' lang='lat' dir='ltr'>unitas</span> 
     </span>
     <span class='ocr_line' id='line_1_23' title="bbox 257 2869 1440 2962; baseline 0.004 -25"><span class='ocrx_word' id='word_1_174' title='bbox 257 2879 302 2937; x_wconf 81' lang='lat' dir='ltr'>eat</span> <span class='ocrx_word' id='word_1_175' title='bbox 320 2869 465 2956; x_wconf 79' lang='lat' dir='ltr'>Tusciae,</span> <span class='ocrx_word' id='word_1_176' title='bbox 490 2898 512 2940; x_wconf 92' lang='lat' dir='ltr'>a</span> <span class='ocrx_word' id='word_1_177' title='bbox 534 2877 692 2944; x_wconf 84' lang='lat' dir='ltr'>conditore</span> <span class='ocrx_word' id='word_1_178' title='bbox 714 2877 870 2962; x_wconf 81' lang='lat' dir='ltr'>[Apella]</span> <span class='ocrx_word' id='word_1_179' title='bbox 894 2877 1069 2960; x_wconf 83' lang='lat' dir='ltr'>appellata,</span> <span class='ocrx_word' id='word_1_180' title='bbox 1094 2876 1145 2942; x_wconf 85' lang='lat' dir='ltr'>cui</span> <span class='ocrx_word' id='word_1_181' title='bbox 1168 2898 1205 2942; x_wconf 82' lang='lat' dir='ltr'>eu</span> <span class='ocrx_word' id='word_1_182' title='bbox 1227 2875 1359 2942; x_wconf 85' lang='lat' dir='ltr'>inscitia</span> <span class='ocrx_word' id='word_1_183' title='bbox 1379 2879 1440 2943; x_wconf 84' lang='lat' dir='ltr'>Ro-</span> 
     </span>
     <span class='ocr_line' id='line_1_24' title="bbox 256 2984 1441 3071; baseline 0.006 -23"><span class='ocrx_word' id='word_1_184' title='bbox 256 3006 357 3050; x_wconf 86' lang='lat' dir='ltr'>rnuna</span> <span class='ocrx_word' id='word_1_185' title='bbox 380 2984 474 3051; x_wconf 88' lang='lat' dir='ltr'>uliud</span> <span class='ocrx_word' id='word_1_186' title='bbox 495 2995 540 3054; x_wconf 83' lang='lat' dir='ltr'>est</span> <span class='ocrx_word' id='word_1_187' title='bbox 560 2989 697 3055; x_wconf 85' lang='lat' dir='ltr'>inditum</span> <span class='ocrx_word' id='word_1_188' title='bbox 720 3012 842 3055; x_wconf 83' lang='lat' dir='ltr'>nomeu.</span> <span class='ocrx_word' id='word_1_189' title='bbox 887 2990 976 3054; x_wconf 86' lang='lat' dir='ltr'>Narn</span> <span class='ocrx_word' id='word_1_190' title='bbox 1000 3011 1068 3054; x_wconf 81' lang='lat' dir='ltr'>curn</span> <span class='ocrx_word' id='word_1_191' title='bbox 1090 2988 1234 3053; x_wconf 83' lang='lat' dir='ltr'>Romani</span> <span class='ocrx_word' id='word_1_192' title='bbox 1257 2995 1362 3054; x_wconf 75' lang='lat' dir='ltr'>euntm</span> <span class='ocrx_word' id='word_1_193' title='bbox 1378 3011 1441 3071; x_wconf 82' lang='lat' dir='ltr'>per</span> 
     </span>
     <span class='ocr_line' id='line_1_25' title="bbox 260 3095 1439 3185; baseline 0.005 -25"><span class='ocrx_word' id='word_1_194' title='bbox 260 3095 412 3162; x_wconf 80' lang='lat' dir='ltr'>Tuscium</span> <span class='ocrx_word' id='word_1_195' title='bbox 432 3096 666 3183; x_wconf 71' lang='lat' dir='ltr'>interruperant</span> <span class='ocrx_word' id='word_1_196' title='bbox 686 3101 859 3185; x_wconf 82' lang='lat' dir='ltr'>Appllinos</span> <span class='ocrx_word' id='word_1_197' title='bbox 880 3122 962 3183; x_wconf 80' lang='lat' dir='ltr'>quae</span> <span class='ocrx_word' id='word_1_198' title='bbox 984 3099 1138 3166; x_wconf 82' lang='lat' dir='ltr'>diceretur</span> <span class='ocrx_word' id='word_1_199' title='bbox 1160 3098 1286 3182; x_wconf 81' lang='lat' dir='ltr'>ciuitas,</span> <span class='ocrx_word' id='word_1_200' title='bbox 1309 3099 1371 3183; x_wconf 82' lang='lat' dir='ltr'>iili,</span> <span class='ocrx_word' id='word_1_201' title='bbox 1394 3108 1439 3166; x_wconf 90' lang='lat' dir='ltr'>ut-</span> 
     </span>
     <span class='ocr_line' id='line_1_26' title="bbox 250 3209 1439 3298; baseline 0.005 -26"><span class='ocrx_word' id='word_1_202' title='bbox 250 3214 323 3290; x_wconf 84' lang='lat' dir='ltr'>pote</span> <span class='ocrx_word' id='word_1_203' title='bbox 349 3209 476 3292; x_wconf 81' lang='lat' dir='ltr'>Graeci,</span> <span class='ocrx_word' id='word_1_204' title='bbox 511 3213 590 3294; x_wconf 80' lang='lat' dir='ltr'>quid</span> <span class='ocrx_word' id='word_1_205' title='bbox 619 3212 769 3280; x_wconf 79' lang='lat' dir='ltr'>audirent</span> <span class='ocrx_word' id='word_1_206' title='bbox 794 3215 978 3298; x_wconf 79' lang='lat' dir='ltr'>ipnorantes</span> <span class='ocrx_word' id='word_1_207' title='bbox 1007 3220 1035 3278; x_wconf 90' lang='lat' dir='ltr'>et</span> <span class='ocrx_word' id='word_1_208' title='bbox 1056 3211 1209 3293; x_wconf 83' lang='lat' dir='ltr'>optimum</span> <span class='ocrx_word' id='word_1_209' title='bbox 1233 3213 1385 3295; x_wconf 78' lang='lat' dir='ltr'>ducentae,</span> <span class='ocrx_word' id='word_1_210' title='bbox 1408 3212 1439 3278; x_wconf 84' lang='lat' dir='ltr'>si</span> 
     </span>
     <span class='ocr_line' id='line_1_27' title="bbox 251 3319 1438 3434; baseline 0.006 -50"><span class='ocrx_word' id='word_1_211' title='bbox 251 3319 347 3400; x_wconf 79' lang='lat' dir='ltr'>prius</span> <span class='ocrx_word' id='word_1_212' title='bbox 364 3343 416 3386; x_wconf 83' lang='lat' dir='ltr'>eoo</span> <span class='ocrx_word' id='word_1_213' title='bbox 434 3321 622 3406; x_wconf 80' lang='lat' dir='ltr'>salutarent,</span> <span class='ocrx_word' id='word_1_214' title='bbox 645 3325 794 3393; x_wconf 75' lang='lat' dir='ltr'>dixerunt</span> <span class='ocrx_word' id='word_1_215' title='bbox 809 3331 923 3434; x_wconf 45' lang='lat' dir='ltr'>padre:</span> <span class='ocrx_word' id='word_1_216' title='bbox 944 3345 1041 3407; x_wconf 82' lang='lat' dir='ltr'>quarn</span> <span class='ocrx_word' id='word_1_217' title='bbox 1056 3323 1279 3389; x_wconf 84' lang='lat' dir='ltr'>salutationem</span> <span class='ocrx_word' id='word_1_218' title='bbox 1294 3323 1438 3389; x_wconf 83' lang='lat' dir='ltr'>Romani</span> 
     </span>
     <span class='ocr_line' id='line_1_28' title="bbox 256 3432 1438 3518; baseline 0.006 -24"><span class='ocrx_word' id='word_1_219' title='bbox 256 3449 368 3496; x_wconf 85' lang='lat' dir='ltr'>nomen</span> <span class='ocrx_word' id='word_1_220' title='bbox 388 3432 530 3499; x_wconf 84' lang='lat' dir='ltr'>ciuitatis</span> <span class='ocrx_word' id='word_1_221' title='bbox 551 3456 617 3501; x_wconf 81' lang='lat' dir='ltr'>esse</span> <span class='ocrx_word' id='word_1_222' title='bbox 624 3444 820 3518; x_wconf 77' lang='lat' dir='ltr'>putauerunt</span> <span class='ocrx_word' id='word_1_223' title='bbox 835 3445 863 3504; x_wconf 88' lang='lat' dir='ltr'>et</span> <span class='ocrx_word' id='word_1_224' title='bbox 877 3440 1019 3504; x_wconf 87' lang='lat' dir='ltr'>detracta</span> <span class='ocrx_word' id='word_1_225' title='bbox 1034 3433 1236 3517; x_wconf 79' lang='lat' dir='ltr'>aspiratione</span> <span class='ocrx_word' id='word_1_226' title='bbox 1250 3456 1320 3499; x_wconf 85' lang='lat' dir='ltr'>earu</span> <span class='ocrx_word' id='word_1_227' title='bbox 1339 3434 1438 3501; x_wconf 86' lang='lat' dir='ltr'>anre</span> 
     </span>
     <span class='ocr_line' id='line_1_29' title="bbox 253 3540 1434 3632; baseline 0.005 -28"><span class='ocrx_word' id='word_1_228' title='bbox 253 3540 472 3627; x_wconf 83' lang='lat' dir='ltr'>nominarunt,</span> <span class='ocrx_word' id='word_1_229' title='bbox 484 3553 520 3612; x_wconf 92' lang='lat' dir='ltr'>ut</span> <span class='ocrx_word' id='word_1_230' title='bbox 534 3546 770 3632; x_wconf 77' lang='lat' dir='ltr'>dieithpiuus</span> <span class='ocrx_word' id='word_1_231' title='bbox 781 3549 818 3616; x_wconf 87' lang='lat' dir='ltr'>in</span> <span class='ocrx_word' id='word_1_232' title='bbox 829 3548 1121 3616; x_wconf 66' lang='lat' dir='ltr'>urbibusltalias.«</span> <span class='ocrx_word' id='word_1_233' title='bbox 1150 3544 1197 3610; x_wconf 87' lang='lat' dir='ltr'>Cf.</span> <span class='ocrx_word' id='word_1_234' title='bbox 1214 3545 1303 3611; x_wconf 88' lang='lat' dir='ltr'>Serv.</span> <span class='ocrx_word' id='word_1_235' title='bbox 1316 3543 1434 3627; x_wconf 81' lang='lat' dir='ltr'>X‚183.</span> 
     </span>
     <span class='ocr_line' id='line_1_30' title="bbox 253 3651 1435 3744; baseline 0.005 -27"><span class='ocrx_word' id='word_1_236' title='bbox 253 3683 260 3690; x_wconf 94' lang='lat'>·</span> <span class='ocrx_word' id='word_1_237' title='bbox 322 3651 389 3718; x_wconf 88' lang='lat' dir='ltr'>.De</span> <span class='ocrx_word' id='word_1_238' title='bbox 419 3656 528 3722; x_wconf 92' lang='lat' dir='ltr'>eodem</span> <span class='ocrx_word' id='word_1_239' title='bbox 556 3657 695 3726; x_wconf 90' lang='lat' dir='ltr'>nominis</span> <span class='ocrx_word' id='word_1_240' title='bbox 726 3661 915 3744; x_wconf 88' lang='lat' dir='ltr'>veriloquio,</span> <span class='ocrx_word' id='word_1_241' title='bbox 949 3659 1034 3742; x_wconf 90' lang='lat' dir='ltr'>quod</span> <span class='ocrx_word' id='word_1_242' title='bbox 1067 3658 1111 3723; x_wconf 90' lang='lat' dir='ltr'>ibi</span> <span class='ocrx_word' id='word_1_243' title='bbox 1142 3653 1273 3739; x_wconf 82' lang='lat' dir='ltr'>Hygino</span> <span class='ocrx_word' id='word_1_244' title='bbox 1304 3655 1435 3723; x_wconf 88' lang='lat' dir='ltr'>Servius</span> 
     </span>
    </p>
   </div>
   <div class='ocr_carea' id='block_1_3' title="bbox 257 3773 459 3784">
    <p class='ocr_par' dir='ltr' id='par_1_5' title="bbox 257 3773 459 3784">
     <span class='ocr_line' id='line_1_31' title="bbox 257 3773 459 3784; baseline -0.005 -4"><span class='ocrx_word' id='word_1_245' title='bbox 257 3773 459 3784; x_wconf 38' lang='lat' dir='ltr'>——QQ</span> 
     </span>
    </p>
   </div>
   <div class='ocr_carea' id='block_1_4' title="bbox 253 3822 1436 4480">
    <p class='ocr_par' dir='ltr' id='par_1_6' title="bbox 253 3822 1436 4480">
     <span class='ocr_line' id='line_1_32' title="bbox 346 3822 1435 3897; baseline 0.003 -22"><span class='ocrx_word' id='word_1_246' title='bbox 346 3822 368 3889; x_wconf 84' lang='grc'>1&gt;</span> <span class='ocrx_word' id='word_1_247' title='bbox 395 3822 505 3878; x_wconf 81' lang='lat' dir='ltr'>Etenim</span> <span class='ocrx_word' id='word_1_248' title='bbox 533 3828 567 3880; x_wconf 90' lang='lat' dir='ltr'>ab</span> <span class='ocrx_word' id='word_1_249' title='bbox 594 3828 776 3883; x_wconf 81' lang='lat' dir='ltr'>Eratosthene</span> <span class='ocrx_word' id='word_1_250' title='bbox 802 3847 862 3883; x_wconf 89' lang='lat' dir='ltr'>eam</span> <span class='ocrx_word' id='word_1_251' title='bbox 891 3829 1013 3882; x_wconf 85' lang='lat' dir='ltr'>fabulam</span> <span class='ocrx_word' id='word_1_252' title='bbox 1039 3828 1174 3897; x_wconf 88' lang='lat' dir='ltr'>prolatam</span> <span class='ocrx_word' id='word_1_253' title='bbox 1201 3842 1260 3877; x_wconf 90' lang='lat' dir='ltr'>esse</span> <span class='ocrx_word' id='word_1_254' title='bbox 1282 3823 1329 3877; x_wconf 87' lang='lat' dir='ltr'>vix</span> <span class='ocrx_word' id='word_1_255' title='bbox 1352 3825 1435 3878; x_wconf 89' lang='lat' dir='ltr'>credi-</span> 
     </span>
     <span class='ocr_line' id='line_1_33' title="bbox 255 3905 1436 3981; baseline 0.003 -21"><span class='ocrx_word' id='word_1_256' title='bbox 255 3905 351 3974; x_wconf 86' lang='lat' dir='ltr'>derim,</span> <span class='ocrx_word' id='word_1_257' title='bbox 361 3907 445 3960; x_wconf 88' lang='lat' dir='ltr'>immo</span> <span class='ocrx_word' id='word_1_258' title='bbox 455 3910 512 3964; x_wconf 88' lang='lat' dir='ltr'>eius</span> <span class='ocrx_word' id='word_1_259' title='bbox 523 3930 630 3981; x_wconf 86' lang='lat' dir='ltr'>quoque</span> <span class='ocrx_word' id='word_1_260' title='bbox 643 3915 811 3969; x_wconf 90' lang='lat' dir='ltr'>mentionem</span> <span class='ocrx_word' id='word_1_261' title='bbox 820 3935 854 3969; x_wconf 85' lang='lat' dir='ltr'>ex</span> <span class='ocrx_word' id='word_1_262' title='bbox 863 3915 1038 3969; x_wconf 83' lang='lat' dir='ltr'>Artemidoro</span> <span class='ocrx_word' id='word_1_263' title='bbox 1050 3911 1161 3965; x_wconf 88' lang='lat' dir='ltr'>fluxisse</span> <span class='ocrx_word' id='word_1_264' title='bbox 1171 3907 1313 3979; x_wconf 86' lang='lat' dir='ltr'>probabile</span> <span class='ocrx_word' id='word_1_265' title='bbox 1326 3910 1436 3963; x_wconf 90' lang='lat' dir='ltr'>videtur</span> 
     </span>
     <span class='ocr_line' id='line_1_34' title="bbox 255 3993 1433 4070; baseline 0.002 -26"><span class='ocrx_word' id='word_1_266' title='bbox 255 3993 314 4045; x_wconf 91' lang='lat' dir='ltr'>coll.</span> <span class='ocrx_word' id='word_1_267' title='bbox 334 4012 360 4062; x_wconf 92' lang='lat' dir='ltr'>p.</span> <span class='ocrx_word' id='word_1_268' title='bbox 375 3993 431 4046; x_wconf 85' lang='lat'>159.</span> <span class='ocrx_word' id='word_1_269' title='bbox 468 3995 538 4049; x_wconf 87' lang='lat' dir='ltr'>Nam</span> <span class='ocrx_word' id='word_1_270' title='bbox 560 3999 600 4052; x_wconf 91' lang='lat' dir='ltr'>ibi</span> <span class='ocrx_word' id='word_1_271' title='bbox 621 4018 672 4070; x_wconf 91' lang='lat' dir='ltr'>per</span> <span class='ocrx_word' id='word_1_272' title='bbox 688 4001 839 4070; x_wconf 86' lang='lat' dir='ltr'>Ephesium</span> <span class='ocrx_word' id='word_1_273' title='bbox 860 4001 1050 4054; x_wconf 86' lang='lat' dir='ltr'>Eratosthenis</span> <span class='ocrx_word' id='word_1_274' title='bbox 1074 3997 1238 4052; x_wconf 88' lang='lat' dir='ltr'>sententiam</span> <span class='ocrx_word' id='word_1_275' title='bbox 1262 3996 1295 4047; x_wconf 93' lang='lat' dir='ltr'>ab</span> <span class='ocrx_word' id='word_1_276' title='bbox 1320 3995 1367 4047; x_wconf 90' lang='lat' dir='ltr'>illo</span> <span class='ocrx_word' id='word_1_277' title='bbox 1390 3996 1433 4048; x_wconf 86' lang='lat' dir='ltr'>ad-</span> 
     </span>
     <span class='ocr_line' id='line_1_35' title="bbox 254 4077 1432 4155; baseline 0.003 -24"><span class='ocrx_word' id='word_1_278' title='bbox 254 4081 377 4132; x_wconf 86' lang='lat' dir='ltr'>notatam</span> <span class='ocrx_word' id='word_1_279' title='bbox 396 4085 478 4148; x_wconf 90' lang='lat' dir='ltr'>atque</span> <span class='ocrx_word' id='word_1_280' title='bbox 497 4083 626 4138; x_wconf 86' lang='lat' dir='ltr'>reiectam</span> <span class='ocrx_word' id='word_1_281' title='bbox 645 4086 772 4140; x_wconf 86' lang='lat' dir='ltr'>Straboni</span> <span class='ocrx_word' id='word_1_282' title='bbox 790 4088 940 4141; x_wconf 86' lang='lat' dir='ltr'>innotuisse</span> <span class='ocrx_word' id='word_1_283' title='bbox 959 4105 993 4140; x_wconf 88' lang='lat' dir='ltr'>ex</span> <span class='ocrx_word' id='word_1_284' title='bbox 1015 4077 1099 4155; x_wconf 85' lang='lat' dir='ltr'>ipsius</span> <span class='ocrx_word' id='word_1_285' title='bbox 1120 4083 1212 4137; x_wconf 88' lang='lat' dir='ltr'>verbis</span> <span class='ocrx_word' id='word_1_286' title='bbox 1236 4081 1432 4148; x_wconf 83' lang='lat' dir='ltr'>cognoscimus.</span> 
     </span>
     <span class='ocr_line' id='line_1_36' title="bbox 341 4165 1431 4237; baseline 0.001 -20"><span class='ocrx_word' id='word_1_287' title='bbox 341 4165 366 4234; x_wconf 84' lang='lat'>²)</span> <span class='ocrx_word' id='word_1_288' title='bbox 378 4165 449 4219; x_wconf 89' lang='lat' dir='ltr'>Nam</span> <span class='ocrx_word' id='word_1_289' title='bbox 461 4165 551 4237; x_wconf 84' lang='lat' dir='ltr'>ipsum</span> <span class='ocrx_word' id='word_1_290' title='bbox 565 4169 689 4225; x_wconf 83' lang='lat' dir='ltr'>Servium</span> <span class='ocrx_word' id='word_1_291' title='bbox 701 4173 831 4226; x_wconf 86' lang='lat' dir='ltr'>Varronis</span> <span class='ocrx_word' id='word_1_292' title='bbox 845 4174 928 4226; x_wconf 88' lang='lat' dir='ltr'>libros</span> <span class='ocrx_word' id='word_1_293' title='bbox 941 4191 997 4227; x_wconf 94' lang='lat' dir='ltr'>non</span> <span class='ocrx_word' id='word_1_294' title='bbox 1009 4171 1126 4228; x_wconf 89' lang='lat' dir='ltr'>volvisse</span> <span class='ocrx_word' id='word_1_295' title='bbox 1140 4185 1234 4222; x_wconf 89' lang='lat' dir='ltr'>omnes</span> <span class='ocrx_word' id='word_1_296' title='bbox 1250 4166 1431 4219; x_wconf 87' lang='lat' dir='ltr'>consentiunt.</span> 
     </span>
     <span class='ocr_line' id='line_1_37' title="bbox 255 4247 1431 4327; baseline 0.004 -27"><span class='ocrx_word' id='word_1_297' title='bbox 255 4247 294 4302; x_wconf 83' lang='lat' dir='ltr'>ef.</span> <span class='ocrx_word' id='word_1_298' title='bbox 313 4249 461 4322; x_wconf 85' lang='lat' dir='ltr'>Kirehner,</span> <span class='ocrx_word' id='word_1_299' title='bbox 485 4253 519 4308; x_wconf 88' lang='lat' dir='ltr'>de</span> <span class='ocrx_word' id='word_1_300' title='bbox 542 4253 628 4311; x_wconf 86' lang='lat' dir='ltr'>Servii</span> <span class='ocrx_word' id='word_1_301' title='bbox 651 4263 734 4311; x_wconf 88' lang='lat' dir='ltr'>auctt.</span> <span class='ocrx_word' id='word_1_302' title='bbox 757 4277 871 4327; x_wconf 85' lang='lat' dir='ltr'>gramm.</span> <span class='ocrx_word' id='word_1_303' title='bbox 890 4259 1021 4316; x_wconf 87' lang='lat' dir='ltr'>Fleckeis.</span> <span class='ocrx_word' id='word_1_304' title='bbox 1053 4255 1147 4325; x_wconf 77' lang='lat' dir='ltr'>suppl.</span> <span class='ocrx_word' id='word_1_305' title='bbox 1165 4256 1191 4318; x_wconf 83' lang='lat'>8,</span> <span class='ocrx_word' id='word_1_306' title='bbox 1209 4271 1238 4321; x_wconf 92' lang='lat' dir='ltr'>p.</span> <span class='ocrx_word' id='word_1_307' title='bbox 1252 4251 1309 4305; x_wconf 88' lang='lat'>535.</span> <span class='ocrx_word' id='word_1_308' title='bbox 1345 4251 1431 4306; x_wconf 90' lang='lat' dir='ltr'>Linke</span> 
     </span>
     <span class='ocr_line' id='line_1_38' title="bbox 253 4333 426 4391; baseline 0.023 -5"><span class='ocrx_word' id='word_1_309' title='bbox 253 4333 269 4386; x_wconf 92' lang='lat' dir='ltr'>l.</span> <span class='ocrx_word' id='word_1_310' title='bbox 283 4334 300 4387; x_wconf 93' lang='lat' dir='ltr'>l.</span> <span class='ocrx_word' id='word_1_311' title='bbox 340 4338 374 4387; x_wconf 87' lang='lat'>.9</span> <span class='ocrx_word' id='word_1_312' title='bbox 400 4338 426 4391; x_wconf 88' lang='grc'>4.</span> 
     </span>
     <span class='ocr_line' id='line_1_39' title="bbox 319 4353 1275 4480; baseline -0.01 -77"><span class='ocrx_word' id='word_1_313' title='bbox 319 4353 337 4403; x_wconf 87' lang='lat' dir='ltr'><strong>P</strong></span> <span class='ocrx_word' id='word_1_314' title='bbox 376 4378 383 4404; x_wconf 64' lang='lat' dir='ltr'>s</span> <span class='ocrx_word' id='word_1_315' title='bbox 1238 4429 1275 4480; x_wconf 52' lang='lat'>6.</span> 
     </span>
    </p>
   </div>
   <div class='ocr_carea' id='block_1_5' title="bbox 0 0 1612 4942">
    <p class='ocr_par' dir='ltr' id='par_1_7' title="bbox 0 0 1612 4942">
     <span class='ocr_line' id='line_1_40' title="bbox 0 0 1612 4942; baseline 0 4"><span class='ocrx_word' id='word_1_316' title='bbox 0 0 1612 4942; x_wconf 95' lang='lat' dir='ltr'> </span> 
     </span>
    </p>
   </div>
  </div>
 </body>
</html>
